[
  {
    "showimage": "https://d3tlizm80tjdt4.cloudfront.net/remote_images/image/2114/small/b41784f854f03efedc29d73d0a248d0dac389d704b7101205d.jpg",
    "name": "Cheese, Mozzarella, Wmlm, Feather Shred, Nb, 4/5 Lb - 124254",
    "brand": "North Beach",
    "category": "Specialty Cheese",
    "itemcount_each": "1 Item",
    "dimension_each": "L 1\" x W 1\" x H 1\"",
    "weight_each": 20.0,
    "image": "https://d3tlizm80tjdt4.cloudfront.net/remote_images/image/2114/small/b41784f854f03efedc29d73d0a248d0dac389d704b7101205d.jpg",
    "related": "",
    "price_each": 53.98,
    "price_case": null,
    "price_per_lb": 2.7,
    "sku": "124254",
    "wholesale": "",
    "out_of_stock": false,
    "product_url": "https://shop.kimelo.com/sku/cheese-mozzarella-wmlm-feather-shred-nb-45-lb-124254/124254",
    "priceorder": 38,
    "popularityorder": 1
  },
  {
    "showimage": "https://d3tlizm80tjdt4.cloudfront.net/image/15196/image/sm-af4d520ed6ba1c0a2c2dbddaffd35ce4.png",
    "name": "Cheese, American, 120 Slice, Yellow, (4) 5 Lb - 103674",
    "brand": "Schreiber",
    "category": "Sliced Cheese",
    "itemcount_case": "4 Eaches",
    "itemcount_each": "1 Item",
    "dimension_case": "L 1\" x W 1\" x H 1\"",
    "dimension_each": "L 1\" x W 1\" x H 1\"",
    "weight_case": 5.15,
    "weight_each": 1.2875,
    "image": "https://d3tlizm80tjdt4.cloudfront.net/image/15196/image/sm-af4d520ed6ba1c0a2c2dbddaffd35ce4.png",
    "related": "100014",
    "price_case": 67.04,
    "price_each": 16.76,
    "price_per_lb": 3.35,
    "sku": "103674",
    "wholesale": "",
    "out_of_stock": false,
    "product_url": "https://shop.kimelo.com/sku/cheese-american-120-slice-yellow-4-5-lb-103674/103674",
    "priceorder": 83,
    "popularityorder": 2
  },
  {
    "showimage": "https://d3tlizm80tjdt4.cloudfront.net/image/15193/image/sm-dba02abeba78ee707501f521a0557481.png",
    "name": "Cheese, Cheddar, Shredded, Fancy, Mild, (4) - 106832",
    "brand": "Cheswick",
    "category": "Shredded Cheese",
    "itemcount_case": "4 Eaches",
    "itemcount_each": "1 Item",
    "dimension_case": "L 1\" x W 1\" x H 1\"",
    "dimension_each": "L 1\" x W 1\" x H 1\"",
    "weight_case": 5.0,
    "weight_each": 1.25,
    "image": "https://d3tlizm80tjdt4.cloudfront.net/image/3523/image/sm-8c0633f6cbe02f5223ebf8dccd214838.jpg https://d3tlizm80tjdt4.cloudfront.net/image/15193/image/sm-dba02abeba78ee707501f521a0557481.png https://d3tlizm80tjdt4.cloudfront.net/image/11508/image/sm-055bb8294fde524216aa47e922a75c1c.jpeg",
    "related": "103600 103670",
    "price_case": 65.84,
    "price_each": 16.46,
    "price_per_lb": 3.29,
    "sku": "106832",
    "wholesale": "",
    "out_of_stock": false,
    "product_url": "https://shop.kimelo.com/sku/cheese-cheddar-shredded-fancy-mild-4-106832/106832",
    "priceorder": 85,
    "popularityorder": 3
  },
  {
    "showimage": "https://d3tlizm80tjdt4.cloudfront.net/image/8965/image/sm-137bd810e22f0b816f7a749f30bb60f4.jpeg",
    "name": "Cheese, Cheddar, Mild, Sliced, (8) - 103600",
    "brand": "California Select Farms",
    "category": "Sliced Cheese",
    "itemcount_case": "8 Eaches",
    "itemcount_each": "1 Item",
    "dimension_case": "L 1\" x W 1\" x H 1\"",
    "dimension_each": "L 1\" x W 1\" x H 1\"",
    "weight_case": 1.5,
    "weight_each": 0.1875,
    "image": "https://d3tlizm80tjdt4.cloudfront.net/image/8965/image/sm-137bd810e22f0b816f7a749f30bb60f4.jpeg",
    "related": "103603 106832",
    "price_case": 55.12,
    "price_each": 6.89,
    "price_per_lb": 4.59,
    "sku": "103600",
    "wholesale": "",
    "out_of_stock": false,
    "product_url": "https://shop.kimelo.com/sku/cheese-cheddar-mild-sliced-8-103600/103600",
    "priceorder": 94,
    "popularityorder": 5
  },
  {
    "showimage": "https://d3tlizm80tjdt4.cloudfront.net/image/10794/image/sm-313ae66972cd7064da6bcf09c337ae5a.png",
    "name": "Cheese, Parmesan, Grated, Imported, (4) 5 Lb - 111522",
    "brand": "Galbani",
    "category": "Crumbled, Cubed, Grated, Shaved",
    "itemcount_case": "4 Eaches",
    "itemcount_each": "1 Item",
    "dimension_case": "L 1\" x W 1\" x H 1\"",
    "dimension_each": "L 1\" x W 1\" x H 1\"",
    "weight_case": 5.0,
    "weight_each": 1.25,
    "image": "https://d3tlizm80tjdt4.cloudfront.net/image/10794/image/sm-313ae66972cd7064da6bcf09c337ae5a.png",
    "related": "106816 112306",
    "price_case": 120.72,
    "price_each": 30.18,
    "price_per_lb": 6.04,
    "sku": "111522",
    "wholesale": "",
    "out_of_stock": false,
    "product_url": "https://shop.kimelo.com/sku/cheese-parmesan-grated-imported-4-5-lb-111522/111522",
    "priceorder": 63,
    "popularityorder": 6
  },
  {
    "showimage": "https://d3tlizm80tjdt4.cloudfront.net/image/2865/image/sm-7f83700059c075a212d5756e9c4e7073.jpg",
    "name": "Cheese, Parmesan, Shaved, (4) 5 Lb - 106816",
    "brand": "Galbani",
    "category": "Crumbled, Cubed, Grated, Shaved",
    "itemcount_case": "4 Eaches",
    "itemcount_each": "1 Item",
    "dimension_case": "L 1\" x W 1\" x H 1\"",
    "dimension_each": "L 1\" x W 1\" x H 1\"",
    "weight_case": 5.0,
    "weight_each": 1.25,
    "image": "https://d3tlizm80tjdt4.cloudfront.net/image/2865/image/sm-7f83700059c075a212d5756e9c4e7073.jpg",
    "related": "112306 111522",
    "price_case": 105.76,
    "price_each": 26.44,
    "price_per_lb": 5.29,
    "sku": "106816",
    "wholesale": "",
    "out_of_stock": false,
    "product_url": "https://shop.kimelo.com/sku/cheese-parmesan-shaved-4-5-lb-106816/106816",
    "priceorder": 69,
    "popularityorder": 7
  },
  {
    "showimage": "https://d3tlizm80tjdt4.cloudfront.net/image/15218/image/sm-466292604c156f994ceac17cbcf40f9e.png",
    "name": "Cheese, Ricotta, (4) 5lb - 108718",
    "brand": "Galbani",
    "category": "Specialty Cheese",
    "itemcount_case": "4 Eaches",
    "itemcount_each": "1 Item",
    "dimension_case": "L 1\" x W 1\" x H 1\"",
    "dimension_each": "L 1\" x W 1\" x H 1\"",
    "weight_case": 5.0,
    "weight_each": 1.25,
    "image": "https://d3tlizm80tjdt4.cloudfront.net/image/15218/image/sm-466292604c156f994ceac17cbcf40f9e.png https://d3tlizm80tjdt4.cloudfront.net/image/6471/image/sm-bda6386bbd05798cc8a74996b2cc845a.jpg https://d3tlizm80tjdt4.cloudfront.net/image/6472/image/sm-408b1ffb5afd1e90810c60ec8e96c810.jpg",
    "related": "107599",
    "price_case": 67.56,
    "price_each": 16.89,
    "price_per_lb": 3.38,
    "sku": "108718",
    "wholesale": "",
    "out_of_stock": false,
    "product_url": "https://shop.kimelo.com/sku/cheese-ricotta-4-5lb-108718/108718",
    "priceorder": 82,
    "popularityorder": 8
  },
  {
    "showimage": "https://d3tlizm80tjdt4.cloudfront.net/image/1544/image/sm-b2bb50a2b1ae90153c2401ff9f0214df.jpg",
    "name": "Cheese, Cream, Loaf, Philadelphia, (6) 3 Lb - 103663",
    "brand": "Philadelphia",
    "category": "Cheese Loaf",
    "itemcount_case": "6 Eaches",
    "itemcount_each": "1 Item",
    "dimension_case": "L 1\" x W 1\" x H 1\"",
    "dimension_each": "L 1\" x W 1\" x H 1\"",
    "weight_case": 3.0,
    "weight_each": 0.5,
    "image": "https://d3tlizm80tjdt4.cloudfront.net/image/1545/image/sm-57a0a958f4f4717c1bba1b6ea1376e12.jpg https://d3tlizm80tjdt4.cloudfront.net/image/1544/image/sm-b2bb50a2b1ae90153c2401ff9f0214df.jpg",
    "related": "103662 112699",
    "price_case": 96.78,
    "price_each": 16.13,
    "price_per_lb": 5.38,
    "sku": "103663",
    "wholesale": "",
    "out_of_stock": false,
    "product_url": "https://shop.kimelo.com/sku/cheese-cream-loaf-philadelphia-6-3-lb-103663/103663",
    "priceorder": 87,
    "popularityorder": 9
  },
  {
    "showimage": "https://d3tlizm80tjdt4.cloudfront.net/remote_images/image/7672/small/63a1d4191c5e3258376922c1599c780ef012ec6bf3828fa409.jpg",
    "name": "Cheese, Shredded, Jack & Cheddar Blend, Fancy, (4) 5 Lb - 103664",
    "brand": "Packer",
    "category": "Shredded Cheese",
    "itemcount_case": "4 Eaches",
    "itemcount_each": "1 Item",
    "dimension_case": "L 1\" x W 1\" x H 1\"",
    "dimension_each": "L 1\" x W 1\" x H 1\"",
    "weight_case": 5.0,
    "weight_each": 1.25,
    "image": "https://d3tlizm80tjdt4.cloudfront.net/remote_images/image/7672/small/63a1d4191c5e3258376922c1599c780ef012ec6bf3828fa409.jpg https://d3tlizm80tjdt4.cloudfront.net/image/1466/image/sm-9dc182a80808a1c180aad5abe924c572.jpg",
    "related": "123784",
    "price_case": 58.84,
    "price_each": 14.71,
    "price_per_lb": 2.94,
    "sku": "103664",
    "wholesale": "",
    "out_of_stock": false,
    "product_url": "https://shop.kimelo.com/sku/cheese-shredded-jack-cheddar-blend-fancy-4-5-lb-103664/103664",
    "priceorder": 88,
    "popularityorder": 10
  },
  {
    "showimage": "https://d3tlizm80tjdt4.cloudfront.net/remote_images/image/5723/small/63b0ef7755de74914c5a50da256581d0721f73912ee4923b21.jpg",
    "name": "Cheese, Jack Pepper, Sliced, (8) 1.5 Lb 124829",
    "brand": "Cal Premium",
    "category": "Sliced Cheese",
    "itemcount_case": "8 Eaches",
    "itemcount_each": "1 Item",
    "dimension_case": "L 1\" x W 1\" x H 1\"",
    "dimension_each": "L 1\" x W 1\" x H 1\"",
    "weight_case": 1.5,
    "weight_each": 0.1875,
    "image": "https://d3tlizm80tjdt4.cloudfront.net/remote_images/image/5723/small/63b0ef7755de74914c5a50da256581d0721f73912ee4923b21.jpg",
    "related": "103672 123794 103599 103672 123794 103599 103672 123794",
    "price_case": 53.76,
    "price_each": 6.72,
    "price_per_lb": 4.48,
    "sku": "124829",
    "wholesale": "",
    "out_of_stock": false,
    "product_url": "https://shop.kimelo.com/sku/cheese-jack-pepper-sliced-8-15-lb-124829/124829",
    "priceorder": 95,
    "popularityorder": 11
  },
  {
    "showimage": "https://d3tlizm80tjdt4.cloudfront.net/remote_images/image/10816/small/2048920d241626bd3bad46e85780c82aa9ba11b23f92f26222.jpg",
    "name": "Cheese, Paneer, Gopi, 4/5 Lb",
    "brand": "Gopi",
    "category": "Sliced Cheese",
    "itemcount_each": "1 Item",
    "dimension_each": "L 1\" x W 1\" x H 1\"",
    "weight_each": 20.0,
    "image": "https://d3tlizm80tjdt4.cloudfront.net/remote_images/image/10816/small/2048920d241626bd3bad46e85780c82aa9ba11b23f92f26222.jpg",
    "related": "",
    "price_each": 75.1,
    "price_case": null,
    "price_per_lb": 3.76,
    "sku": "374574",
    "wholesale": "",
    "out_of_stock": false,
    "product_url": "https://shop.kimelo.com/sku/cheese-paneer-gopi-45-lb/374574",
    "priceorder": 28,
    "popularityorder": 12
  },
  {
    "showimage": "https://d3tlizm80tjdt4.cloudfront.net/image/11595/image/sm-a149c106d663df481f081d8fa47bcf0f.jpeg",
    "name": "Cheese, Cheddar, Mild, Loaf, (8) 5 Lb - 103670",
    "brand": "Cheswick",
    "category": "Cheese Loaf",
    "itemcount_case": "8 Eaches",
    "itemcount_each": "1 Item",
    "dimension_case": "L 1\" x W 1\" x H 1\"",
    "dimension_each": "L 1\" x W 1\" x H 1\"",
    "weight_case": 5.0,
    "weight_each": 0.625,
    "image": "https://d3tlizm80tjdt4.cloudfront.net/image/11595/image/sm-a149c106d663df481f081d8fa47bcf0f.jpeg https://d3tlizm80tjdt4.cloudfront.net/image/2239/image/sm-97cfe4b265d24acb4747c475560701cb.png",
    "related": "106815 106832 103600 106815 106832 103600 106815 106832",
    "price_case": 135.92,
    "price_each": 16.99,
    "price_per_lb": 3.4,
    "sku": "103670",
    "wholesale": "",
    "out_of_stock": false,
    "product_url": "https://shop.kimelo.com/sku/cheese-cheddar-mild-loaf-8-5-lb-103670/103670",
    "priceorder": 81,
    "popularityorder": 13
  },
  {
    "showimage": "https://d3tlizm80tjdt4.cloudfront.net/image/17447/image/sm-b7f1d5ebed658c7a48b315af49bb5e0d.png",
    "name": "Cheese, Feta, Crumbles, President, 2/5 Lb - 123341",
    "brand": "President",
    "category": "Specialty Cheese",
    "itemcount_each": "1 Item",
    "dimension_each": "L 1\" x W 1\" x H 1\"",
    "weight_each": 10.0,
    "image": "https://d3tlizm80tjdt4.cloudfront.net/image/17447/image/sm-b7f1d5ebed658c7a48b315af49bb5e0d.png",
    "related": "123797 124006",
    "price_each": 44.11,
    "price_case": null,
    "price_per_lb": 4.41,
    "sku": "123341",
    "wholesale": "",
    "out_of_stock": false,
    "product_url": "https://shop.kimelo.com/sku/cheese-feta-crumbles-president-25-lb-123341/123341",
    "priceorder": 50,
    "popularityorder": 14
  },
  {
    "showimage": "https://d3tlizm80tjdt4.cloudfront.net/image/17540/image/sm-c373691cb060f68e4cc8b4904a692eda.png",
    "name": "Cheese, Mascarpone, Tub, Belgioioso, (4) 5 Lb - 107599",
    "brand": "Belgioioso",
    "category": "Specialty Cheese",
    "itemcount_case": "4 Eaches",
    "itemcount_each": "1 Item",
    "dimension_case": "L 1\" x W 1\" x H 1\"",
    "dimension_each": "L 1\" x W 1\" x H 1\"",
    "weight_case": 5.0,
    "weight_each": 1.25,
    "image": "https://d3tlizm80tjdt4.cloudfront.net/image/17540/image/sm-c373691cb060f68e4cc8b4904a692eda.png",
    "related": "108718",
    "price_case": 118.88,
    "price_each": 29.72,
    "price_per_lb": 5.94,
    "sku": "107599",
    "wholesale": "",
    "out_of_stock": false,
    "product_url": "https://shop.kimelo.com/sku/cheese-mascarpone-tub-belgioioso-4-5-lb-107599/107599",
    "priceorder": 65,
    "popularityorder": 15
  },
  {
    "showimage": "https://d3tlizm80tjdt4.cloudfront.net/remote_images/image/7215/small/0a7da17fd94fe5c52868137e402c2fb20947dba2f4b452a049.jpg",
    "name": "Cheese, Mozzarella, Wmlm, Loaf, Professionale, 8/5 Lb 125731",
    "brand": "Galbani",
    "category": "Cheese Loaf",
    "itemcount_each": "1 Item",
    "dimension_each": "L 1\" x W 1\" x H 1\"",
    "weight_each": 40.0,
    "image": "https://d3tlizm80tjdt4.cloudfront.net/remote_images/image/7215/small/0a7da17fd94fe5c52868137e402c2fb20947dba2f4b452a049.jpg https://d3tlizm80tjdt4.cloudfront.net/remote_images/image/7711/small/98449d9e2b7395c71eea2dfabcd07b4b9e2ade7f6e52357a69.jpg",
    "related": "",
    "price_each": 98.2,
    "price_case": null,
    "price_per_lb": 2.46,
    "sku": "125731",
    "wholesale": "",
    "out_of_stock": false,
    "product_url": "https://shop.kimelo.com/sku/cheese-mozzarella-wmlm-loaf-professionale-85-lb-125731/125731",
    "priceorder": 20,
    "popularityorder": 16
  },
  {
    "showimage": "https://d3tlizm80tjdt4.cloudfront.net/image/5982/image/sm-9aa3ae766c94f5a2fcc8f244a97460de.jpg",
    "name": "Cheese, Gorgonzola, Crumbles, 86464, (2) 5 Lb - 107598",
    "brand": "Belgioioso",
    "category": "Crumbled, Cubed, Grated, Shaved",
    "itemcount_case": "2 Eaches",
    "itemcount_each": "1 Item",
    "dimension_case": "L 1\" x W 1\" x H 1\"",
    "dimension_each": "L 1\" x W 1\" x H 1\"",
    "weight_case": 5.0,
    "weight_each": 2.5,
    "image": "https://d3tlizm80tjdt4.cloudfront.net/image/5982/image/sm-9aa3ae766c94f5a2fcc8f244a97460de.jpg https://d3tlizm80tjdt4.cloudfront.net/image/5983/image/sm-8762cc632e245f4af8d15df5fda8ba63.jpg",
    "related": "",
    "price_case": 49.06,
    "price_each": 24.53,
    "price_per_lb": 4.91,
    "sku": "107598",
    "wholesale": "",
    "out_of_stock": false,
    "product_url": "https://shop.kimelo.com/sku/cheese-gorgonzola-crumbles-86464-2-5-lb-107598/107598",
    "priceorder": 71,
    "popularityorder": 17
  },
  {
    "showimage": "https://d3tlizm80tjdt4.cloudfront.net/image/14820/image/sm-d0fbe266cac5dbbfe601de287ad60344.png",
    "name": "Cheese, Indian Paneer Bulk Fresh Loaf (4) 109240",
    "brand": "Royal Mahout",
    "category": "Specialty Cheese",
    "itemcount_case": "4 Eaches",
    "itemcount_each": "1 Item",
    "dimension_case": "L 1\" x W 1\" x H 1\"",
    "dimension_each": "L 1\" x W 1\" x H 1\"",
    "weight_case": 5.25,
    "weight_each": 1.3125,
    "image": "https://d3tlizm80tjdt4.cloudfront.net/image/14820/image/sm-d0fbe266cac5dbbfe601de287ad60344.png https://d3tlizm80tjdt4.cloudfront.net/image/13821/image/sm-650582e6594da277fcb3f8b881528025.png",
    "related": "",
    "price_case": 82.32,
    "price_each": 20.58,
    "price_per_lb": 4.12,
    "sku": "109240",
    "wholesale": "",
    "out_of_stock": false,
    "product_url": "https://shop.kimelo.com/sku/cheese-indian-paneer-bulk-fresh-loaf-4-109240/109240",
    "priceorder": 75,
    "popularityorder": 18
  },
  {
    "showimage": "https://d3tlizm80tjdt4.cloudfront.net/image/8966/image/sm-0ad8abe6c7be4ec1371aa99b8a1fe80d.jpeg",
    "name": "Cheese, Provolone, Sliced, (8) 1.5 Lb - 103601",
    "brand": "California Select Farms",
    "category": "Sliced Cheese",
    "itemcount_case": "8 Eaches",
    "itemcount_each": "1 Item",
    "dimension_case": "L 1\" x W 1\" x H 1\"",
    "dimension_each": "L 1\" x W 1\" x H 1\"",
    "weight_case": 1.5,
    "weight_each": 0.1875,
    "image": "https://d3tlizm80tjdt4.cloudfront.net/image/8966/image/sm-0ad8abe6c7be4ec1371aa99b8a1fe80d.jpeg https://d3tlizm80tjdt4.cloudfront.net/image/13531/image/sm-ae2f39087df7cbc9782ef2cc89adff7f.png",
    "related": "",
    "price_case": 52.64,
    "price_each": 6.58,
    "price_per_lb": 4.39,
    "sku": "103601",
    "wholesale": "",
    "out_of_stock": false,
    "product_url": "https://shop.kimelo.com/sku/cheese-provolone-sliced-8-15-lb-103601/103601",
    "priceorder": 96,
    "popularityorder": 19
  },
  {
    "showimage": "https://d3tlizm80tjdt4.cloudfront.net/remote_images/image/2271/small/7de5ff58f2fa420e59ed1a97ee95b035b5f2ecaaba98eada2b.jpg",
    "name": "Cheese, Feta, Rbst Free, Estia, 24 Lb 124006",
    "brand": "Estia",
    "category": "Specialty Cheese",
    "itemcount_each": "1 Item",
    "dimension_each": "L 1\" x W 1\" x H 1\"",
    "weight_each": 24.0,
    "image": "https://d3tlizm80tjdt4.cloudfront.net/remote_images/image/2271/small/7de5ff58f2fa420e59ed1a97ee95b035b5f2ecaaba98eada2b.jpg",
    "related": "123797 106845",
    "price_each": 110.02,
    "price_case": null,
    "price_per_lb": 4.58,
    "sku": "124006",
    "wholesale": "",
    "out_of_stock": false,
    "product_url": "https://shop.kimelo.com/sku/cheese-feta-rbst-free-estia-24-lb-124006/124006",
    "priceorder": 11,
    "popularityorder": 20
  },
  {
    "showimage": "https://d3tlizm80tjdt4.cloudfront.net/image/7273/image/sm-77f3fe57315491b5b760f3c783c2ce89.jpg",
    "name": "Cheese, Monterey Jack, Shredded, Fancy, (4) 5 Lb - 108930",
    "brand": "Cheswick",
    "category": "Shredded Cheese",
    "itemcount_case": "4 Eaches",
    "itemcount_each": "1 Item",
    "dimension_case": "L 1\" x W 1\" x H 1\"",
    "dimension_each": "L 1\" x W 1\" x H 1\"",
    "weight_case": 5.0,
    "weight_each": 1.25,
    "image": "https://d3tlizm80tjdt4.cloudfront.net/image/7273/image/sm-77f3fe57315491b5b760f3c783c2ce89.jpg https://d3tlizm80tjdt4.cloudfront.net/image/7274/image/sm-fa023a323e08698aa6db85871aeac420.jpg",
    "related": "103562 103599",
    "price_case": 65.04,
    "price_each": 16.26,
    "price_per_lb": 3.25,
    "sku": "108930",
    "wholesale": "",
    "out_of_stock": false,
    "product_url": "https://shop.kimelo.com/sku/cheese-monterey-jack-shredded-fancy-4-5-lb-108930/108930",
    "priceorder": 86,
    "popularityorder": 21
  },
  {
    "showimage": "https://d3tlizm80tjdt4.cloudfront.net/remote_images/image/1031/small/1eadcc43f580efc477560afb62f337d4bfeb222e8f63032220.jpg",
    "name": "Cheese, Goat, Crumbled, 2/2 Lb - 123365",
    "brand": "President",
    "category": "Specialty Cheese",
    "itemcount_each": "1 Item",
    "dimension_each": "L 1\" x W 1\" x H 1\"",
    "weight_each": 4.0,
    "image": "https://d3tlizm80tjdt4.cloudfront.net/remote_images/image/1031/small/1eadcc43f580efc477560afb62f337d4bfeb222e8f63032220.jpg",
    "related": "103638",
    "price_each": 33.4,
    "price_case": null,
    "price_per_lb": 8.35,
    "sku": "123365",
    "wholesale": "",
    "out_of_stock": false,
    "product_url": "https://shop.kimelo.com/sku/cheese-goat-crumbled-22-lb-123365/123365",
    "priceorder": 61,
    "popularityorder": 22
  },
  {
    "showimage": "https://d3tlizm80tjdt4.cloudfront.net/remote_images/image/7236/small/e06462a3ca2ee281ec7fdc39e2aecc73c78ebcb6f4d822cc2b.jpg",
    "name": "Cheese, Monterey Jack, Shredded, Feather, 4/5 Lb 125786",
    "brand": "Packer",
    "category": "Sliced Cheese",
    "itemcount_each": "1 Item",
    "dimension_each": "L 1\" x W 1\" x H 1\"",
    "weight_each": 20.0,
    "image": "https://d3tlizm80tjdt4.cloudfront.net/remote_images/image/7236/small/e06462a3ca2ee281ec7fdc39e2aecc73c78ebcb6f4d822cc2b.jpg https://d3tlizm80tjdt4.cloudfront.net/remote_images/image/7241/small/c70ac30661b7378e20f15c03444e4cfbf27c1e5fdec5e5b3cb.jpg",
    "related": "",
    "price_each": 53.01,
    "price_case": null,
    "price_per_lb": 2.65,
    "sku": "125786",
    "wholesale": "",
    "out_of_stock": false,
    "product_url": "https://shop.kimelo.com/sku/cheese-monterey-jack-shredded-feather-45-lb-125786/125786",
    "priceorder": 39,
    "popularityorder": 23
  },
  {
    "showimage": "https://d3tlizm80tjdt4.cloudfront.net/remote_images/image/7584/small/b039cbd43e667de1a64536054485d5b35e81ec59d3181edf0f.jpg",
    "name": "Cheese, Goat, Chefs, Chevre, Tub, (2) 4 Lb - 103638",
    "brand": "Laura Chenel",
    "category": "Specialty Cheese",
    "itemcount_case": "2 Eaches",
    "itemcount_each": "1 Item",
    "dimension_case": "L 1\" x W 1\" x H 1\"",
    "dimension_each": "L 1\" x W 1\" x H 1\"",
    "weight_case": 4.0,
    "weight_each": 2.0,
    "image": "https://d3tlizm80tjdt4.cloudfront.net/remote_images/image/7584/small/b039cbd43e667de1a64536054485d5b35e81ec59d3181edf0f.jpg",
    "related": "123365",
    "price_case": 75.32,
    "price_each": 37.66,
    "price_per_lb": 9.42,
    "sku": "103638",
    "wholesale": "",
    "out_of_stock": false,
    "product_url": "https://shop.kimelo.com/sku/cheese-goat-chefs-chevre-tub-2-4-lb-103638/103638",
    "priceorder": 56,
    "popularityorder": 25
  },
  {
    "showimage": "https://d3tlizm80tjdt4.cloudfront.net/image/8967/image/sm-e52f47ae6c00dd8381ee99b9ffda17dd.jpeg",
    "name": "Cheese, Swiss, Sliced, (8) 1.5 Lb - 103602",
    "brand": "California Select Farms",
    "category": "Sliced Cheese",
    "itemcount_case": "8 Eaches",
    "itemcount_each": "1 Item",
    "dimension_case": "L 1\" x W 1\" x H 1\"",
    "dimension_each": "L 1\" x W 1\" x H 1\"",
    "weight_case": 1.5,
    "weight_each": 0.1875,
    "image": "https://d3tlizm80tjdt4.cloudfront.net/image/8967/image/sm-e52f47ae6c00dd8381ee99b9ffda17dd.jpeg",
    "related": "",
    "price_case": 64.96,
    "price_each": 8.12,
    "price_per_lb": 5.41,
    "sku": "103602",
    "wholesale": "",
    "out_of_stock": false,
    "product_url": "https://shop.kimelo.com/sku/cheese-swiss-sliced-8-15-lb-103602/103602",
    "priceorder": 92,
    "popularityorder": 26
  },
  {
    "showimage": "https://d3tlizm80tjdt4.cloudfront.net/remote_images/image/8356/small/aff0b27efbbacc48d63e4ae9d5ec402d6b6afe2ad94847dca5.jpg",
    "name": "Cheese, Swiss, Loaf, Grade A, 8 Lb Avg (6)",
    "brand": "Pacific Cheese",
    "category": "Sliced Cheese",
    "itemcount_case": "6 Eaches",
    "itemcount_each": "1 Item",
    "dimension_case": "L 1\" x W 1\" x H 1\"",
    "dimension_each": "L 1\" x W 1\" x H 1\"",
    "weight_case": 48.0,
    "weight_each": 8.0,
    "image": "https://d3tlizm80tjdt4.cloudfront.net/remote_images/image/8356/small/aff0b27efbbacc48d63e4ae9d5ec402d6b6afe2ad94847dca5.jpg",
    "related": "",
    "price_case": 201.6,
    "price_each": 33.6,
    "price_per_lb": 4.2,
    "sku": "374191",
    "wholesale": "",
    "out_of_stock": false,
    "product_url": "https://shop.kimelo.com/sku/cheese-swiss-loaf-grade-a-8-lb-avg-6/374191",
    "priceorder": 60,
    "popularityorder": 27
  },
  {
    "showimage": "https://d3tlizm80tjdt4.cloudfront.net/remote_images/image/7674/small/d6f2f5e1dcdf0874f7bfedc969aead3f8aa0af8033196b2d75.jpg",
    "name": "Cheese, Cream, Bulk, 30 Lb - 103662",
    "brand": "Packer",
    "category": "Cream Cheese",
    "itemcount_each": "1 Item",
    "dimension_each": "L 1\" x W 1\" x H 1\"",
    "weight_each": 30.98,
    "image": "https://d3tlizm80tjdt4.cloudfront.net/remote_images/image/7674/small/d6f2f5e1dcdf0874f7bfedc969aead3f8aa0af8033196b2d75.jpg https://d3tlizm80tjdt4.cloudfront.net/image/6409/image/sm-f7a04a05168dc605a36e0baca9fc3090.jpg",
    "related": "103663 112699",
    "price_each": 70.05,
    "price_case": null,
    "price_per_lb": 2.34,
    "sku": "103662",
    "wholesale": "",
    "out_of_stock": false,
    "product_url": "https://shop.kimelo.com/sku/cheese-cream-bulk-30-lb-103662/103662",
    "priceorder": 32,
    "popularityorder": 28
  },
  {
    "showimage": "https://d3tlizm80tjdt4.cloudfront.net/remote_images/image/1912/small/f31c646bfa3f07281c27762b126aee2f792632f3d44342335b.jpg",
    "name": "Cheese, Paneer, Gopi, 15/14 Oz 124005",
    "brand": "Gopi",
    "category": "Sliced Cheese",
    "itemcount_each": "1 Item",
    "dimension_each": "L 1\" x W 1\" x H 1\"",
    "weight_each": 13.12,
    "image": "https://d3tlizm80tjdt4.cloudfront.net/remote_images/image/1912/small/f31c646bfa3f07281c27762b126aee2f792632f3d44342335b.jpg",
    "related": "",
    "price_each": 94,
    "price_case": null,
    "price_per_lb": 7.23,
    "sku": "124005",
    "wholesale": "",
    "out_of_stock": false,
    "product_url": "https://shop.kimelo.com/sku/cheese-paneer-gopi-1514-oz-124005/124005",
    "priceorder": 23,
    "popularityorder": 29
  },
  {
    "showimage": "https://d3tlizm80tjdt4.cloudfront.net/remote_images/image/7242/small/45efa6a9c307f7f9d844c75f7ef87eab93a985461d20a81030.jpg",
    "name": "Cheese, Shredded, Jack & Cheddar Blend, Feather, 4/5 Lb 125787",
    "brand": "Packer",
    "category": "Shredded Cheese",
    "itemcount_each": "1 Item",
    "dimension_each": "L 1\" x W 1\" x H 1\"",
    "weight_each": 20.0,
    "image": "https://d3tlizm80tjdt4.cloudfront.net/remote_images/image/7242/small/45efa6a9c307f7f9d844c75f7ef87eab93a985461d20a81030.jpg",
    "related": "",
    "price_each": 55.56,
    "price_case": null,
    "price_per_lb": 2.78,
    "sku": "125787",
    "wholesale": "",
    "out_of_stock": false,
    "product_url": "https://shop.kimelo.com/sku/cheese-shredded-jack-cheddar-blend-feather-45-lb-125787/125787",
    "priceorder": 37,
    "popularityorder": 30
  },
  {
    "showimage": "https://d3tlizm80tjdt4.cloudfront.net/image/16001/image/sm-d62189f66ce8c51c9bbbd406104ca89e.png",
    "name": "Cheese, Cheddar, Sharp, White, 10 Lb - 111680",
    "brand": "Hoffman`s",
    "category": "Sliced Cheese",
    "itemcount_each": "1 Item",
    "dimension_each": "L 1\" x W 1\" x H 1\"",
    "weight_each": 10.0,
    "image": "https://d3tlizm80tjdt4.cloudfront.net/image/16001/image/sm-d62189f66ce8c51c9bbbd406104ca89e.png https://d3tlizm80tjdt4.cloudfront.net/image/16002/image/sm-017dee8e2ba7d0a6a8ee1db2af46dec4.png",
    "related": "103600 106815",
    "price_each": 41.88,
    "price_case": null,
    "price_per_lb": 4.19,
    "sku": "111680",
    "wholesale": "",
    "out_of_stock": false,
    "product_url": "https://shop.kimelo.com/sku/cheese-cheddar-sharp-white-10-lb-111680/111680",
    "priceorder": 52,
    "popularityorder": 34
  },
  {
    "showimage": "https://d3tlizm80tjdt4.cloudfront.net/image/15256/image/sm-6c299387672a8119d43997e98fcbcfc1.png",
    "name": "Cheese, Pepper Jack, Loaf (8) 103672",
    "brand": "Cheswick",
    "category": "Cheese Loaf",
    "itemcount_case": "8 Eaches",
    "itemcount_each": "1 Item",
    "dimension_case": "L 1\" x W 1\" x H 1\"",
    "dimension_each": "L 1\" x W 1\" x H 1\"",
    "weight_case": 5.0,
    "weight_each": 0.625,
    "image": "https://d3tlizm80tjdt4.cloudfront.net/image/15256/image/sm-6c299387672a8119d43997e98fcbcfc1.png https://d3tlizm80tjdt4.cloudfront.net/image/2240/image/sm-0e28dfb31e470fa64b2a2a3725ca747b.png",
    "related": "108930 123794 107600 108930 123794 107600 108930 123794",
    "price_case": 139.76,
    "price_each": 17.47,
    "price_per_lb": 3.49,
    "sku": "103672",
    "wholesale": "",
    "out_of_stock": false,
    "product_url": "https://shop.kimelo.com/sku/cheese-pepper-jack-loaf-8-103672/103672",
    "priceorder": 79,
    "popularityorder": 35
  },
  {
    "showimage": "https://d3tlizm80tjdt4.cloudfront.net/image/6242/image/sm-9063431364cbcf7278cdde3f4d5f47fb.jpg",
    "name": "Cheese, Feta, Bulgarian, In Brine, 1/7 Kg - 106845",
    "brand": "Atalanta",
    "category": "Specialty Cheese",
    "itemcount_each": "1 Item",
    "dimension_each": "L 1\" x W 1\" x H 1\"",
    "weight_each": 15.43,
    "image": "https://d3tlizm80tjdt4.cloudfront.net/image/6242/image/sm-9063431364cbcf7278cdde3f4d5f47fb.jpg https://d3tlizm80tjdt4.cloudfront.net/image/6243/image/sm-28f21308ae2ddaddc061a75af68a7d90.jpg",
    "related": "123797",
    "price_each": 72,
    "price_case": null,
    "price_per_lb": 4.8,
    "sku": "106845",
    "wholesale": "",
    "out_of_stock": false,
    "product_url": "https://shop.kimelo.com/sku/cheese-feta-bulgarian-in-brine-17-kg-106845/106845",
    "priceorder": 30,
    "popularityorder": 36
  },
  {
    "showimage": "https://d3tlizm80tjdt4.cloudfront.net/remote_images/image/1050/small/4d39f5a7140280525c6242eaa3c6a455f2fea2640ccdf683fe.jpg",
    "name": "Cheese, Mozzarella, Fresh, Ovoline, Galbani, 2/3 Lb - 123382",
    "brand": "Galbani",
    "category": "Specialty Cheese",
    "itemcount_each": "1 Item",
    "dimension_each": "L 1\" x W 1\" x H 1\"",
    "weight_each": 6.0,
    "image": "https://d3tlizm80tjdt4.cloudfront.net/remote_images/image/1050/small/4d39f5a7140280525c6242eaa3c6a455f2fea2640ccdf683fe.jpg",
    "related": "",
    "price_each": 34.67,
    "price_case": null,
    "price_per_lb": 5.78,
    "sku": "123382",
    "wholesale": "",
    "out_of_stock": false,
    "product_url": "https://shop.kimelo.com/sku/cheese-mozzarella-fresh-ovoline-galbani-23-lb-123382/123382",
    "priceorder": 57,
    "popularityorder": 37
  },
  {
    "showimage": "https://d3tlizm80tjdt4.cloudfront.net/remote_images/image/2018/small/e6aa96eb9c4f11476e530c078ea7e9331b62c1f1b0bd80fbcd.jpg",
    "name": "Cheese, Mozzarella, Wmlm, Shredded, Red Label, 6/5 Lb 124189",
    "brand": "Galbani",
    "category": "Specialty Cheese",
    "itemcount_each": "1 Item",
    "dimension_each": "L 1\" x W 1\" x H 1\"",
    "weight_each": 30.0,
    "image": "https://d3tlizm80tjdt4.cloudfront.net/remote_images/image/2018/small/e6aa96eb9c4f11476e530c078ea7e9331b62c1f1b0bd80fbcd.jpg",
    "related": "123382",
    "price_each": 95.83,
    "price_case": null,
    "price_per_lb": 3.19,
    "sku": "124189",
    "wholesale": "",
    "out_of_stock": false,
    "product_url": "https://shop.kimelo.com/sku/cheese-mozzarella-wmlm-shredded-red-label-65-lb-124189/124189",
    "priceorder": 22,
    "popularityorder": 38
  },
  {
    "showimage": "https://d3tlizm80tjdt4.cloudfront.net/remote_images/image/7214/small/e9ab65ec35fd13418c56e43a697f0cd6f2464279cf92c5e10b.jpg",
    "name": "Cheese, Mozzarella, Lmwm, Cali Gold, Loaf, 8/6 Lb 125724",
    "brand": "California Gold",
    "category": "Cheese Loaf",
    "itemcount_each": "1 Item",
    "dimension_each": "L 1\" x W 1\" x H 1\"",
    "weight_each": 48.0,
    "image": "https://d3tlizm80tjdt4.cloudfront.net/remote_images/image/7214/small/e9ab65ec35fd13418c56e43a697f0cd6f2464279cf92c5e10b.jpg",
    "related": "",
    "price_each": 104.08,
    "price_case": null,
    "price_per_lb": 2.17,
    "sku": "125724",
    "wholesale": "",
    "out_of_stock": false,
    "product_url": "https://shop.kimelo.com/sku/cheese-mozzarella-lmwm-cali-gold-loaf-86-lb-125724/125724",
    "priceorder": 16,
    "popularityorder": 40
  },
  {
    "showimage": "https://d3tlizm80tjdt4.cloudfront.net/remote_images/image/9657/small/5ab654f51d8f2e0ef8a931a3ab768ea564c152a1904483a59b.jpg",
    "name": "Cheese, Cream Cheese, Philadelphia, Portions, Cups - 111589",
    "brand": "Kraft",
    "category": "Cream Cheese",
    "itemcount_each": "1 Item",
    "dimension_each": "L 1\" x W 1\" x H 1\"",
    "weight_each": 6.25,
    "image": "https://d3tlizm80tjdt4.cloudfront.net/remote_images/image/9657/small/5ab654f51d8f2e0ef8a931a3ab768ea564c152a1904483a59b.jpg",
    "related": "",
    "price_each": 51.49,
    "price_case": null,
    "price_per_lb": 0.02,
    "sku": "41530",
    "wholesale": "",
    "out_of_stock": false,
    "product_url": "https://shop.kimelo.com/sku/cheese-cream-cheese-philadelphia-portions-cups-111589/41530",
    "priceorder": 40,
    "popularityorder": 41
  },
  {
    "showimage": "https://d3tlizm80tjdt4.cloudfront.net/remote_images/image/2224/small/7cb4d700b40ef33831a2d0c139d2be7237896927905a07bab6.jpg",
    "name": "Cheese, Feta, Sheep/goat, Imported, Ziria, 14 Kg 124111",
    "brand": "Ziria",
    "category": "Specialty Cheese",
    "itemcount_each": "1 Item",
    "dimension_each": "L 1\" x W 1\" x H 1\"",
    "weight_each": 31.0,
    "image": "https://d3tlizm80tjdt4.cloudfront.net/remote_images/image/2224/small/7cb4d700b40ef33831a2d0c139d2be7237896927905a07bab6.jpg",
    "related": "123797 124006",
    "price_each": 166.17,
    "price_case": null,
    "price_per_lb": 5.36,
    "sku": "124111",
    "wholesale": "",
    "out_of_stock": false,
    "product_url": "https://shop.kimelo.com/sku/cheese-feta-sheepgoat-imported-ziria-14-kg-124111/124111",
    "priceorder": 2,
    "popularityorder": 42
  },
  {
    "showimage": "https://d3tlizm80tjdt4.cloudfront.net/remote_images/image/5355/small/813a16121b3359e9889266333999b54523e3768c6a5fb0829b.jpg",
    "name": "Cheese, Processed, American, Yellow, Slices, 160 Ct, 4/5 Lb 125636",
    "brand": "Schreiber",
    "category": "Sliced Cheese",
    "itemcount_each": "1 Item",
    "dimension_each": "L 1\" x W 1\" x H 1\"",
    "weight_each": 20.0,
    "image": "https://d3tlizm80tjdt4.cloudfront.net/remote_images/image/5355/small/813a16121b3359e9889266333999b54523e3768c6a5fb0829b.jpg",
    "related": "",
    "price_each": 72.32,
    "price_case": null,
    "price_per_lb": 0.0,
    "sku": "125636",
    "wholesale": "",
    "out_of_stock": false,
    "product_url": "https://shop.kimelo.com/sku/cheese-processed-american-yellow-slices-160-ct-45-lb-125636/125636",
    "priceorder": 29,
    "popularityorder": 43
  },
  {
    "showimage": "https://d3tlizm80tjdt4.cloudfront.net/image/1474/image/sm-f655d358744b5afb25fbb0300dcbd7e9.jpg",
    "name": "Cheese, Swiss, Sliced, Processed, 120 Ct, (4) 5 Lb - 100014",
    "brand": "Commodity Cheese",
    "category": "Sliced Cheese",
    "itemcount_case": "4 Eaches",
    "itemcount_each": "1 Item",
    "dimension_case": "L 1\" x W 1\" x H 1\"",
    "dimension_each": "L 1\" x W 1\" x H 1\"",
    "weight_case": 5.14,
    "weight_each": 1.285,
    "image": "https://d3tlizm80tjdt4.cloudfront.net/image/1475/image/sm-d9e58637d835b0d794288cd8d983fbd2.jpg https://d3tlizm80tjdt4.cloudfront.net/image/1474/image/sm-f655d358744b5afb25fbb0300dcbd7e9.jpg",
    "related": "103674",
    "price_case": 77.88,
    "price_each": 19.47,
    "price_per_lb": 3.89,
    "sku": "100014",
    "wholesale": "",
    "out_of_stock": false,
    "product_url": "https://shop.kimelo.com/sku/cheese-swiss-sliced-processed-120-ct-4-5-lb-100014/100014",
    "priceorder": 76,
    "popularityorder": 44
  },
  {
    "showimage": "https://d3tlizm80tjdt4.cloudfront.net/remote_images/image/7730/small/66c3c8d496d6f67e6986f5b051fc2aa6406223c1602f88978c.jpg",
    "name": "Cheese, Mozzarella, Pslm, Cali Gold, Loaf, 8/6 Lb 125986",
    "brand": "California Gold",
    "category": "Specialty Cheese",
    "itemcount_each": "1 Item",
    "dimension_each": "L 1\" x W 1\" x H 1\"",
    "weight_each": 48.0,
    "image": "https://d3tlizm80tjdt4.cloudfront.net/remote_images/image/7730/small/66c3c8d496d6f67e6986f5b051fc2aa6406223c1602f88978c.jpg https://d3tlizm80tjdt4.cloudfront.net/remote_images/image/7735/small/928aeeb52bdd5d95ec0ef23f9fdf39266d58214a9625db3a1b.jpg",
    "related": "",
    "price_each": 100.16,
    "price_case": null,
    "price_per_lb": 2.09,
    "sku": "125986",
    "wholesale": "",
    "out_of_stock": false,
    "product_url": "https://shop.kimelo.com/sku/cheese-mozzarella-pslm-cali-gold-loaf-86-lb-125986/125986",
    "priceorder": 19,
    "popularityorder": 45
  },
  {
    "showimage": "https://d3tlizm80tjdt4.cloudfront.net/image/12274/image/sm-64a4aa1bc8ce6d4a0e316c4b84cca0b9.png",
    "name": "Cheese, Parmesan, Wheel, Usa, 20 Lb Avg - 112306",
    "brand": "Galbani",
    "category": "Cheese Wheel",
    "itemcount_each": "1 Item",
    "dimension_each": "L 1\" x W 1\" x H 1\"",
    "weight_each": 20.0,
    "image": "https://d3tlizm80tjdt4.cloudfront.net/image/12274/image/sm-64a4aa1bc8ce6d4a0e316c4b84cca0b9.png",
    "related": "106816 111522",
    "price_each": 111.67,
    "price_case": null,
    "price_per_lb": 5.58,
    "sku": "112306",
    "wholesale": "",
    "out_of_stock": false,
    "product_url": "https://shop.kimelo.com/sku/cheese-parmesan-wheel-usa-20-lb-avg-112306/112306",
    "priceorder": 10,
    "popularityorder": 46
  },
  {
    "showimage": "https://d3tlizm80tjdt4.cloudfront.net/remote_images/image/7673/small/0b979f0fa945c83473934cf317ee8339e16a68ae1af19108f3.jpg",
    "name": "Cheese, Feta, In Brine, Pail, (2) 8 Lb 124284",
    "brand": "Cucina",
    "category": "Specialty Cheese",
    "itemcount_case": "2 Eaches",
    "itemcount_each": "1 Item",
    "dimension_case": "L 1\" x W 1\" x H 1\"",
    "dimension_each": "L 1\" x W 1\" x H 1\"",
    "weight_case": 8.0,
    "weight_each": 4.0,
    "image": "https://d3tlizm80tjdt4.cloudfront.net/remote_images/image/7673/small/0b979f0fa945c83473934cf317ee8339e16a68ae1af19108f3.jpg",
    "related": "123797",
    "price_case": 58.88,
    "price_each": 29.44,
    "price_per_lb": 3.68,
    "sku": "124284",
    "wholesale": "",
    "out_of_stock": false,
    "product_url": "https://shop.kimelo.com/sku/cheese-feta-in-brine-pail-2-8-lb-124284/124284",
    "priceorder": 66,
    "popularityorder": 47
  },
  {
    "showimage": "https://d3tlizm80tjdt4.cloudfront.net/image/13945/image/sm-beec542c40fb4977939baab11abd9a9c.png",
    "name": "Cheese, Cream, Loaf, 10/3 Lb - 112699",
    "brand": "Raskas",
    "category": "Cheese Loaf",
    "itemcount_each": "1 Item",
    "dimension_each": "L 1\" x W 1\" x H 1\"",
    "weight_each": 30.0,
    "image": "https://d3tlizm80tjdt4.cloudfront.net/image/13945/image/sm-beec542c40fb4977939baab11abd9a9c.png https://d3tlizm80tjdt4.cloudfront.net/image/13946/image/sm-732bba78fb4923d20761d47925268dcd.png",
    "related": "103662 103663",
    "price_each": 85.56,
    "price_case": null,
    "price_per_lb": 2.85,
    "sku": "112699",
    "wholesale": "",
    "out_of_stock": false,
    "product_url": "https://shop.kimelo.com/sku/cheese-cream-loaf-103-lb-112699/112699",
    "priceorder": 25,
    "popularityorder": 48
  },
  {
    "showimage": "https://d3tlizm80tjdt4.cloudfront.net/remote_images/image/2228/small/f9ce4763fea7376f93257d4fc25b186ab2c423231574348ceb.jpg",
    "name": "Cheese, Kefalotyri, Hard, Wheel, Greek, Import, 18 Lb Avg 124125",
    "brand": "Metsobo A.e.",
    "category": "Sliced Cheese",
    "itemcount_each": "1 Item",
    "dimension_each": "L 1\" x W 1\" x H 1\"",
    "weight_each": 18.0,
    "image": "https://d3tlizm80tjdt4.cloudfront.net/remote_images/image/2228/small/f9ce4763fea7376f93257d4fc25b186ab2c423231574348ceb.jpg",
    "related": "",
    "price_each": 156.06,
    "price_case": null,
    "price_per_lb": 8.67,
    "sku": "124125",
    "wholesale": "",
    "out_of_stock": false,
    "product_url": "https://shop.kimelo.com/sku/cheese-kefalotyri-hard-wheel-greek-import-18-lb-avg-124125/124125",
    "priceorder": 4,
    "popularityorder": 50
  },
  {
    "showimage": "https://d3tlizm80tjdt4.cloudfront.net/remote_images/image/1998/small/92cb453b056d15b02a89fefb67e39797fc58b0a4398a29b53f.jpg",
    "name": "Cheese, Halloumi, Tradition, Greek, Import, 40/8.8 Oz 124144",
    "brand": "Alambra",
    "category": "Sliced Cheese",
    "itemcount_each": "1 Item",
    "dimension_each": "L 1\" x W 1\" x H 1\"",
    "weight_each": 20.0,
    "image": "https://d3tlizm80tjdt4.cloudfront.net/remote_images/image/1998/small/92cb453b056d15b02a89fefb67e39797fc58b0a4398a29b53f.jpg",
    "related": "",
    "price_each": 197.35,
    "price_case": null,
    "price_per_lb": 8.97,
    "sku": "124144",
    "wholesale": "",
    "out_of_stock": false,
    "product_url": "https://shop.kimelo.com/sku/cheese-halloumi-tradition-greek-import-4088-oz-124144/124144",
    "priceorder": 1,
    "popularityorder": 51
  },
  {
    "showimage": "https://d3tlizm80tjdt4.cloudfront.net/image/10347/image/sm-e678c1718263a65a402310e22e32ac8a.jpg",
    "name": "Cheese, Cheddar, Sharp, Slcd, Interleaf, 0.75 Oz, (8)  103603",
    "brand": "California Select Farms",
    "category": "Sliced Cheese",
    "itemcount_case": "8 Eaches",
    "itemcount_each": "1 Item",
    "dimension_case": "L 1\" x W 1\" x H 1\"",
    "dimension_each": "L 1\" x W 1\" x H 1\"",
    "weight_case": 1.5,
    "weight_each": 0.1875,
    "image": "https://d3tlizm80tjdt4.cloudfront.net/image/10347/image/sm-e678c1718263a65a402310e22e32ac8a.jpg",
    "related": "103600 106815",
    "price_case": 76.48,
    "price_each": 9.56,
    "price_per_lb": 6.37,
    "sku": "103603",
    "wholesale": "",
    "out_of_stock": false,
    "product_url": "https://shop.kimelo.com/sku/cheese-cheddar-sharp-slcd-interleaf-075-oz-8-103603/103603",
    "priceorder": 91,
    "popularityorder": 52
  },
  {
    "showimage": "https://d3tlizm80tjdt4.cloudfront.net/image/9201/image/sm-4b09eacd768b0bf3bc71bca949fe2915.jpg",
    "name": "Cheese, Monterey Jack, Sliced, (8) 1.5 Lb - 103599",
    "brand": "Cheese Crafters",
    "category": "Sliced Cheese",
    "itemcount_case": "8 Eaches",
    "itemcount_each": "1 Item",
    "dimension_case": "L 1\" x W 1\" x H 1\"",
    "dimension_each": "L 1\" x W 1\" x H 1\"",
    "weight_case": 1.5,
    "weight_each": 0.1875,
    "image": "https://d3tlizm80tjdt4.cloudfront.net/image/9201/image/sm-4b09eacd768b0bf3bc71bca949fe2915.jpg",
    "related": "103562 108930",
    "price_case": 47.76,
    "price_each": 5.97,
    "price_per_lb": 3.98,
    "sku": "103599",
    "wholesale": "",
    "out_of_stock": false,
    "product_url": "https://shop.kimelo.com/sku/cheese-monterey-jack-sliced-8-15-lb-103599/103599",
    "priceorder": 97,
    "popularityorder": 54
  },
  {
    "showimage": "https://d3tlizm80tjdt4.cloudfront.net/image/5981/image/sm-8006f8100c50aee751d5e74b228445bf.jpg",
    "name": "Cheese, Monterey Jack, Loaf, (2) 5 Lb - 107600",
    "brand": "Packer",
    "category": "Cheese Loaf",
    "itemcount_case": "2 Eaches",
    "itemcount_each": "1 Item",
    "dimension_case": "L 1\" x W 1\" x H 1\"",
    "dimension_each": "L 1\" x W 1\" x H 1\"",
    "weight_case": 5.0,
    "weight_each": 2.5,
    "image": "https://d3tlizm80tjdt4.cloudfront.net/image/5924/image/sm-a0e9d66341c1123c8815f8cc248af79b.jpg https://d3tlizm80tjdt4.cloudfront.net/image/5981/image/sm-8006f8100c50aee751d5e74b228445bf.jpg",
    "related": "103562",
    "price_case": 36.9,
    "price_each": 18.45,
    "price_per_lb": 3.69,
    "sku": "107600",
    "wholesale": "",
    "out_of_stock": false,
    "product_url": "https://shop.kimelo.com/sku/cheese-monterey-jack-loaf-2-5-lb-107600/107600",
    "priceorder": 77,
    "popularityorder": 55
  },
  {
    "showimage": "https://d3tlizm80tjdt4.cloudfront.net/remote_images/image/14101/small/59becfe7880750956b1c39a81e7f2bfef3437a4b464a2f5a69.jpg",
    "name": "Cheese, Cream Cheese, Whipped Tub, Philadelphia (6) 377753 - Sku 172026",
    "brand": "Kraft",
    "category": "Cream Cheese",
    "itemcount_case": "6 Eaches",
    "itemcount_each": "1 Item",
    "dimension_case": "L 1\" x W 1\" x H 1\"",
    "dimension_each": "L 1\" x W 1\" x H 1\"",
    "weight_case": 18.0,
    "weight_each": 3.0,
    "image": "https://d3tlizm80tjdt4.cloudfront.net/remote_images/image/14101/small/59becfe7880750956b1c39a81e7f2bfef3437a4b464a2f5a69.jpg",
    "related": "",
    "price_case": 130.08,
    "price_each": 21.68,
    "price_per_lb": 7.23,
    "sku": "172026",
    "wholesale": "",
    "out_of_stock": false,
    "product_url": "https://shop.kimelo.com/sku/cheese-cream-cheese-whipped-tub-philadelphia-6-377753-sku-172026/172026",
    "priceorder": 72,
    "popularityorder": 57
  },
  {
    "showimage": "https://d3tlizm80tjdt4.cloudfront.net/image/7423/image/sm-05cc51bafdb84958b8c527b8a3a8fecb.jpg",
    "name": "Cheese, Gruyere, Imported, Loaf, (2) 5 Lb - 108978",
    "brand": "Packer",
    "category": "Cheese Loaf",
    "itemcount_case": "2 Eaches",
    "itemcount_each": "1 Item",
    "dimension_case": "L 1\" x W 1\" x H 1\"",
    "dimension_each": "L 1\" x W 1\" x H 1\"",
    "weight_case": 5.0,
    "weight_each": 2.5,
    "image": "https://d3tlizm80tjdt4.cloudfront.net/image/7423/image/sm-05cc51bafdb84958b8c527b8a3a8fecb.jpg https://d3tlizm80tjdt4.cloudfront.net/image/7424/image/sm-566e588743e706293efc53c0c727bca1.jpg",
    "related": "",
    "price_case": 134.6,
    "price_each": 67.3,
    "price_per_lb": 13.46,
    "sku": "108978",
    "wholesale": "",
    "out_of_stock": false,
    "product_url": "https://shop.kimelo.com/sku/cheese-gruyere-imported-loaf-2-5-lb-108978/108978",
    "priceorder": 34,
    "popularityorder": 58
  },
  {
    "showimage": "https://d3tlizm80tjdt4.cloudfront.net/remote_images/image/8993/small/e5e6885ff13c2fe97bc05df189a3c03c0339d2260d615749a9.jpg",
    "name": "Cheese, Saganaki, Hard, Greek, Import, 7 Lb Avg (6) 125801",
    "brand": "Metsobo A.e.",
    "category": "Sliced Cheese",
    "itemcount_case": "6 Eaches",
    "itemcount_each": "1 Item",
    "dimension_case": "L 1\" x W 1\" x H 1\"",
    "dimension_each": "L 1\" x W 1\" x H 1\"",
    "weight_case": 42.0,
    "weight_each": 7.0,
    "image": "https://d3tlizm80tjdt4.cloudfront.net/remote_images/image/8993/small/e5e6885ff13c2fe97bc05df189a3c03c0339d2260d615749a9.jpg",
    "related": "",
    "price_case": 411.18,
    "price_each": 68.53,
    "price_per_lb": 9.79,
    "sku": "373628",
    "wholesale": "",
    "out_of_stock": false,
    "product_url": "https://shop.kimelo.com/sku/cheese-saganaki-hard-greek-import-7-lb-avg-6-125801/373628",
    "priceorder": 33,
    "popularityorder": 59
  },
  {
    "showimage": "https://d3tlizm80tjdt4.cloudfront.net/image/13860/image/sm-1505a5e7aa7570e69e7ca77cf4c49a97.png",
    "name": "Cheese, Blend, Mozz, Wm & Ps, Premio Shred, 6/5 Lb - 112492",
    "brand": "Galbani Premio",
    "category": "Shredded Cheese",
    "itemcount_each": "1 Item",
    "dimension_each": "L 1\" x W 1\" x H 1\"",
    "weight_each": 30.0,
    "image": "https://d3tlizm80tjdt4.cloudfront.net/image/13860/image/sm-1505a5e7aa7570e69e7ca77cf4c49a97.png",
    "related": "",
    "price_each": 101.51,
    "price_case": null,
    "price_per_lb": 3.38,
    "sku": "112492",
    "wholesale": "Buy 10+ pay $98.46",
    "out_of_stock": false,
    "product_url": "https://shop.kimelo.com/sku/cheese-blend-mozz-wm-ps-premio-shred-65-lb-112492/112492",
    "priceorder": 18,
    "popularityorder": 60
  },
  {
    "showimage": "https://d3tlizm80tjdt4.cloudfront.net/image/11519/image/sm-6f1eb10583921d3db8a9df08b378c1bd.jpeg",
    "name": "Cheese, Monterey Jack, Block, 40 Lb Avg - 103562",
    "brand": "Packer",
    "category": "Sliced Cheese",
    "itemcount_each": "1 Item",
    "dimension_each": "L 1\" x W 1\" x H 1\"",
    "weight_each": 40.0,
    "image": "https://d3tlizm80tjdt4.cloudfront.net/image/11519/image/sm-6f1eb10583921d3db8a9df08b378c1bd.jpeg https://d3tlizm80tjdt4.cloudfront.net/image/11520/image/sm-0578768dbf3717cac7921cb4e7968f03.jpeg",
    "related": "107600",
    "price_each": 112,
    "price_case": null,
    "price_per_lb": 2.8,
    "sku": "103562",
    "wholesale": "",
    "out_of_stock": false,
    "product_url": "https://shop.kimelo.com/sku/cheese-monterey-jack-block-40-lb-avg-103562/103562",
    "priceorder": 9,
    "popularityorder": 62
  },
  {
    "showimage": "https://d3tlizm80tjdt4.cloudfront.net/image/11540/image/sm-dc389e1a3b99419ba379e3fb3916db94.png",
    "name": "Cheese, Asiago, Shredded, (6) 5 Lb - 111711",
    "brand": "Galbani",
    "category": "Shredded Cheese",
    "itemcount_case": "6 Eaches",
    "itemcount_each": "1 Item",
    "dimension_case": "L 1\" x W 1\" x H 1\"",
    "dimension_each": "L 1\" x W 1\" x H 1\"",
    "weight_case": 5.0,
    "weight_each": 0.833333,
    "image": "https://d3tlizm80tjdt4.cloudfront.net/image/11540/image/sm-dc389e1a3b99419ba379e3fb3916db94.png",
    "related": "112306 106816",
    "price_case": 156.36,
    "price_each": 26.06,
    "price_per_lb": 5.21,
    "sku": "111711",
    "wholesale": "",
    "out_of_stock": false,
    "product_url": "https://shop.kimelo.com/sku/cheese-asiago-shredded-6-5-lb-111711/111711",
    "priceorder": 70,
    "popularityorder": 63
  },
  {
    "showimage": "https://d3tlizm80tjdt4.cloudfront.net/remote_images/image/7464/small/4c120c44089fd73a9dc6802b21106ba43711bda636e75afc96.jpg",
    "name": "Cheese, 5 Blend, Moz Wmlm/lmps/prov/parm/roma, 6/5 Lb - 123784",
    "brand": "Galbani",
    "category": "Shredded Cheese",
    "itemcount_each": "1 Item",
    "dimension_each": "L 1\" x W 1\" x H 1\"",
    "weight_each": 30.0,
    "image": "https://d3tlizm80tjdt4.cloudfront.net/remote_images/image/7464/small/4c120c44089fd73a9dc6802b21106ba43711bda636e75afc96.jpg",
    "related": "103664",
    "price_each": 96.18,
    "price_case": null,
    "price_per_lb": 3.21,
    "sku": "123784",
    "wholesale": "",
    "out_of_stock": false,
    "product_url": "https://shop.kimelo.com/sku/cheese-5-blend-moz-wmlmlmpsprovparmroma-65-lb-123784/123784",
    "priceorder": 21,
    "popularityorder": 64
  },
  {
    "showimage": "https://d3tlizm80tjdt4.cloudfront.net/image/17988/image/sm-82414835d395197c5f8390f295a0f0fe.jpg",
    "name": "Cheese, Feta, French, Pail, Valbreso, 18 Lb Avg - 123797",
    "brand": "Valbreso",
    "category": "Specialty Cheese",
    "itemcount_each": "1 Item",
    "dimension_each": "L 1\" x W 1\" x H 1\"",
    "weight_each": 18.0,
    "image": "https://d3tlizm80tjdt4.cloudfront.net/image/17988/image/sm-82414835d395197c5f8390f295a0f0fe.jpg",
    "related": "",
    "price_each": 125.1,
    "price_case": null,
    "price_per_lb": 6.95,
    "sku": "123797",
    "wholesale": "",
    "out_of_stock": false,
    "product_url": "https://shop.kimelo.com/sku/cheese-feta-french-pail-valbreso-18-lb-avg-123797/123797",
    "priceorder": 7,
    "popularityorder": 65
  },
  {
    "showimage": "https://d3tlizm80tjdt4.cloudfront.net/remote_images/image/9503/small/c20e0679de38f6e24091a6d1a19b28f6ec8d244a5fb5adbe48.jpg",
    "name": "Cheese, Cream, Bulk, Frozen, 30 Lb",
    "brand": "Packer",
    "category": "Cream Cheese",
    "itemcount_each": "1 Item",
    "dimension_each": "L 1\" x W 1\" x H 1\"",
    "weight_each": 30.0,
    "image": "https://d3tlizm80tjdt4.cloudfront.net/remote_images/image/9503/small/c20e0679de38f6e24091a6d1a19b28f6ec8d244a5fb5adbe48.jpg",
    "related": "",
    "price_each": 44.92,
    "price_case": null,
    "price_per_lb": 1.5,
    "sku": "374448",
    "wholesale": "",
    "out_of_stock": false,
    "product_url": "https://shop.kimelo.com/sku/cheese-cream-bulk-frozen-30-lb/374448",
    "priceorder": 48,
    "popularityorder": 66
  },
  {
    "showimage": "https://d3tlizm80tjdt4.cloudfront.net/image/2254/image/sm-cd0c941b11ba4b342c17c421fe3e4d95.jpeg",
    "name": "Cheese, Cheddar, Medium, Loaf, (2) 5lb - 106815",
    "brand": "Tillamook",
    "category": "Cheese Loaf",
    "itemcount_case": "2 Eaches",
    "itemcount_each": "1 Item",
    "dimension_case": "L 1\" x W 1\" x H 1\"",
    "dimension_each": "L 1\" x W 1\" x H 1\"",
    "weight_case": 5.0,
    "weight_each": 2.5,
    "image": "https://d3tlizm80tjdt4.cloudfront.net/image/2254/image/sm-cd0c941b11ba4b342c17c421fe3e4d95.jpeg",
    "related": "103670",
    "price_case": 60.16,
    "price_each": 30.08,
    "price_per_lb": 6.02,
    "sku": "106815",
    "wholesale": "",
    "out_of_stock": false,
    "product_url": "https://shop.kimelo.com/sku/cheese-cheddar-medium-loaf-2-5lb-106815/106815",
    "priceorder": 64,
    "popularityorder": 67
  },
  {
    "showimage": "https://d3tlizm80tjdt4.cloudfront.net/remote_images/image/7223/small/10d8ce04c768520771ad150340f03f5d6e9d96b8f373592dd4.jpg",
    "name": "Cheese, Manouri, Log, Greek, Imported, 4/5 Lb 125736",
    "brand": "Krinos",
    "category": "Sliced Cheese",
    "itemcount_each": "1 Item",
    "dimension_each": "L 1\" x W 1\" x H 1\"",
    "weight_each": 20.0,
    "image": "https://d3tlizm80tjdt4.cloudfront.net/remote_images/image/7223/small/10d8ce04c768520771ad150340f03f5d6e9d96b8f373592dd4.jpg",
    "related": "",
    "price_each": 139.32,
    "price_case": null,
    "price_per_lb": 6.97,
    "sku": "125736",
    "wholesale": "",
    "out_of_stock": false,
    "product_url": "https://shop.kimelo.com/sku/cheese-manouri-log-greek-imported-45-lb-125736/125736",
    "priceorder": 6,
    "popularityorder": 68
  },
  {
    "showimage": "https://d3tlizm80tjdt4.cloudfront.net/image/13746/image/sm-6e810ecb0cadc532f8c04cabb747fdf2.png",
    "name": "Cheese, Mozzarella, Fresh, Loaf, Thin Slice, 6/1 Lb - 112545",
    "brand": "Galbani",
    "category": "Cheese Loaf",
    "itemcount_each": "1 Item",
    "dimension_each": "L 1\" x W 1\" x H 1\"",
    "weight_each": 6.0,
    "image": "https://d3tlizm80tjdt4.cloudfront.net/image/13746/image/sm-6e810ecb0cadc532f8c04cabb747fdf2.png https://d3tlizm80tjdt4.cloudfront.net/remote_images/image/7206/small/cadf53e1327c3239a7357615e615e12fb356c54371de4703e9.jpg",
    "related": "123382",
    "price_each": 34.55,
    "price_case": null,
    "price_per_lb": 5.76,
    "sku": "112545",
    "wholesale": "",
    "out_of_stock": false,
    "product_url": "https://shop.kimelo.com/sku/cheese-mozzarella-fresh-loaf-thin-slice-61-lb-112545/112545",
    "priceorder": 58,
    "popularityorder": 69
  },
  {
    "showimage": "https://d3tlizm80tjdt4.cloudfront.net/remote_images/image/8358/small/b2822f77cb40a483ec292d837dbfcea6b8be7f2e39cc90e6ca.jpg",
    "name": "Cheese, Mozzarella, Lmps, Loaf, Premio, 8/5 Lb",
    "brand": "Galbani Premio",
    "category": "Specialty Cheese",
    "itemcount_each": "1 Item",
    "dimension_each": "L 1\" x W 1\" x H 1\"",
    "weight_each": 40.0,
    "image": "https://d3tlizm80tjdt4.cloudfront.net/remote_images/image/8358/small/b2822f77cb40a483ec292d837dbfcea6b8be7f2e39cc90e6ca.jpg",
    "related": "",
    "price_each": 102.95,
    "price_case": null,
    "price_per_lb": 2.57,
    "sku": "374193",
    "wholesale": "",
    "out_of_stock": false,
    "product_url": "https://shop.kimelo.com/sku/cheese-mozzarella-lmps-loaf-premio-85-lb/374193",
    "priceorder": 17,
    "popularityorder": 72
  },
  {
    "showimage": "https://d3tlizm80tjdt4.cloudfront.net/remote_images/image/8390/small/53b845e1fb7106fdd945620096b458f0828fadee1fe5d5d0e8.jpg",
    "name": "Cheese, Mozzarella, Wmlm, Loaf, Premio, 8/5 Lb",
    "brand": "Galbani Premio",
    "category": "Specialty Cheese",
    "itemcount_each": "1 Item",
    "dimension_each": "L 1\" x W 1\" x H 1\"",
    "weight_each": 40.0,
    "image": "https://d3tlizm80tjdt4.cloudfront.net/remote_images/image/8390/small/53b845e1fb7106fdd945620096b458f0828fadee1fe5d5d0e8.jpg",
    "related": "",
    "price_each": 108.52,
    "price_case": null,
    "price_per_lb": 2.17,
    "sku": "374196",
    "wholesale": "",
    "out_of_stock": false,
    "product_url": "https://shop.kimelo.com/sku/cheese-mozzarella-wmlm-loaf-premio-85-lb/374196",
    "priceorder": 13,
    "popularityorder": 73
  },
  {
    "showimage": "https://d3tlizm80tjdt4.cloudfront.net/remote_images/image/10806/small/080a48a561d13a90309f06536874d86ca67cf124dc3961482d.jpg",
    "name": "Cheese, Mozzarella, Frozen, Ovoline, Galbani, 2/3 Lb",
    "brand": "Galbani",
    "category": "Specialty Cheese",
    "itemcount_each": "1 Item",
    "dimension_each": "L 1\" x W 1\" x H 1\"",
    "weight_each": 6.0,
    "image": "https://d3tlizm80tjdt4.cloudfront.net/remote_images/image/10806/small/080a48a561d13a90309f06536874d86ca67cf124dc3961482d.jpg",
    "related": "",
    "price_each": 14.64,
    "price_case": null,
    "price_per_lb": 2.44,
    "sku": "374567",
    "wholesale": "",
    "out_of_stock": false,
    "product_url": "https://shop.kimelo.com/sku/cheese-mozzarella-frozen-ovoline-galbani-23-lb/374567",
    "priceorder": 89,
    "popularityorder": 74
  },
  {
    "showimage": "https://d3tlizm80tjdt4.cloudfront.net/remote_images/image/13368/small/1407ffca973704e384634cd27285dbec2bccd8ea94f56171e1.jpg",
    "name": "Cheese, Feta, Greek, Sheep, 1/12 Kg 124849",
    "brand": "Kolios",
    "category": "Specialty Cheese",
    "itemcount_each": "1 Item",
    "dimension_each": "L 1\" x W 1\" x H 1\"",
    "weight_each": 15.0,
    "image": "https://d3tlizm80tjdt4.cloudfront.net/remote_images/image/13368/small/1407ffca973704e384634cd27285dbec2bccd8ea94f56171e1.jpg",
    "related": "",
    "price_each": 162,
    "price_case": null,
    "price_per_lb": 0.0,
    "sku": "342870",
    "wholesale": "",
    "out_of_stock": false,
    "product_url": "https://shop.kimelo.com/sku/cheese-feta-greek-sheep-112-kg-124849/342870",
    "priceorder": 3,
    "popularityorder": 75
  },
  {
    "showimage": "https://d3tlizm80tjdt4.cloudfront.net/remote_images/image/14165/small/0158d18ec81507169591cc645a9fff7c6f09c04889186230a6.jpg",
    "name": "Cheese, Muenster, Loaf (6) 5 Lbs,sku 172091",
    "brand": "Packer",
    "category": "Specialty Cheese",
    "itemcount_case": "6 Eaches",
    "itemcount_each": "1 Item",
    "dimension_case": "L 1\" x W 1\" x H 1\"",
    "dimension_each": "L 1\" x W 1\" x H 1\"",
    "weight_case": 30.0,
    "weight_each": 5.0,
    "image": "https://d3tlizm80tjdt4.cloudfront.net/remote_images/image/14165/small/0158d18ec81507169591cc645a9fff7c6f09c04889186230a6.jpg",
    "related": "",
    "price_case": 197.4,
    "price_each": 32.9,
    "price_per_lb": 6.58,
    "sku": "172091",
    "wholesale": "",
    "out_of_stock": false,
    "product_url": "https://shop.kimelo.com/sku/cheese-muenster-loaf-6-5-lbssku-172091/172091",
    "priceorder": 62,
    "popularityorder": 77
  },
  {
    "showimage": "https://d3tlizm80tjdt4.cloudfront.net/image/17990/image/sm-83f15352ef57aee10ecf9f5eacd4c835.png",
    "name": "Cheese, Pepperjack, Feather Shred, 4/5 Lb - 123794",
    "brand": "Cheswick",
    "category": "Shredded Cheese",
    "itemcount_each": "1 Item",
    "dimension_each": "L 1\" x W 1\" x H 1\"",
    "weight_each": 20.0,
    "image": "https://d3tlizm80tjdt4.cloudfront.net/image/17990/image/sm-83f15352ef57aee10ecf9f5eacd4c835.png",
    "related": "103672 108930",
    "price_each": 65.72,
    "price_case": null,
    "price_per_lb": 3.29,
    "sku": "123794",
    "wholesale": "",
    "out_of_stock": false,
    "product_url": "https://shop.kimelo.com/sku/cheese-pepperjack-feather-shred-45-lb-123794/123794",
    "priceorder": 35,
    "popularityorder": 78
  },
  {
    "showimage": "https://d3tlizm80tjdt4.cloudfront.net/remote_images/image/7585/small/6fdb15f3fb9a8218f44f4394daed962b794d29364f31ec757a.jpg",
    "name": "Cheese, Pecorino, Romano, 14 Lb 124109",
    "brand": "Zerto",
    "category": "Sliced Cheese",
    "itemcount_each": "1 Item",
    "dimension_each": "L 1\" x W 1\" x H 1\"",
    "weight_each": 14.0,
    "image": "https://d3tlizm80tjdt4.cloudfront.net/remote_images/image/7585/small/6fdb15f3fb9a8218f44f4394daed962b794d29364f31ec757a.jpg",
    "related": "",
    "price_each": 71.25,
    "price_case": null,
    "price_per_lb": 5.09,
    "sku": "124109",
    "wholesale": "",
    "out_of_stock": false,
    "product_url": "https://shop.kimelo.com/sku/cheese-pecorino-romano-14-lb-124109/124109",
    "priceorder": 31,
    "popularityorder": 92
  },
  {
    "showimage": "https://d3tlizm80tjdt4.cloudfront.net/remote_images/image/14108/small/d36c33635977c041d652f1f7a3af8c01abffa2f2456ec7c315.jpg",
    "name": "Cheese, Stringles String Mozzarella, Organic 24/1 Oz Ct , 10278 - Sku 172034",
    "brand": "Organic Valley",
    "category": "Specialty Cheese",
    "itemcount_each": "1 Item",
    "dimension_each": "L 1\" x W 1\" x H 1\"",
    "weight_each": 1.5,
    "image": "https://d3tlizm80tjdt4.cloudfront.net/remote_images/image/14108/small/d36c33635977c041d652f1f7a3af8c01abffa2f2456ec7c315.jpg",
    "related": "",
    "price_each": 20.65,
    "price_case": null,
    "price_per_lb": 0.04,
    "sku": "172034",
    "wholesale": "",
    "out_of_stock": false,
    "product_url": "https://shop.kimelo.com/sku/cheese-stringles-string-mozzarella-organic-241-oz-ct-10278-sku-172034/172034",
    "priceorder": 74,
    "popularityorder": 95
  },
  {
    "showimage": "https://d3tlizm80tjdt4.cloudfront.net/remote_images/image/14324/small/5211137065f5e986902c6a62fa4eb3f764ed76d03efbf7a3b2.jpg",
    "name": "Cheese, Cheddar, Sharp White, 100/0.75 Oz Oz Tillamook 613897, Sku 172111",
    "brand": "Tillamook",
    "category": "Sliced Cheese",
    "itemcount_each": "1 Item",
    "dimension_each": "L 1\" x W 1\" x H 1\"",
    "weight_each": 4.69,
    "image": "https://d3tlizm80tjdt4.cloudfront.net/remote_images/image/14324/small/5211137065f5e986902c6a62fa4eb3f764ed76d03efbf7a3b2.jpg",
    "related": "",
    "price_each": 49.8,
    "price_case": null,
    "price_per_lb": 0.02,
    "sku": "172111",
    "wholesale": "",
    "out_of_stock": false,
    "product_url": "https://shop.kimelo.com/sku/cheese-cheddar-sharp-white-100075-oz-oz-tillamook-613897-sku-172111/172111",
    "priceorder": 43,
    "popularityorder": 96
  },
  {
    "showimage": "https://d3tlizm80tjdt4.cloudfront.net/remote_images/image/15042/small/4752a482739aa892814722431a3b0e1a4930af59437ce4920d.jpg",
    "name": "Cheese, Mini, Babybel (red Wrap) 72/0.75 Oz, Sku 172119",
    "brand": "Laughing Cow",
    "category": "Specialty Cheese",
    "itemcount_each": "1 Item",
    "dimension_each": "L 1\" x W 1\" x H 1\"",
    "weight_each": 4.0,
    "image": "https://d3tlizm80tjdt4.cloudfront.net/remote_images/image/15042/small/4752a482739aa892814722431a3b0e1a4930af59437ce4920d.jpg",
    "related": "",
    "price_each": 51.29,
    "price_case": null,
    "price_per_lb": 0.03,
    "sku": "172119",
    "wholesale": "",
    "out_of_stock": false,
    "product_url": "https://shop.kimelo.com/sku/cheese-mini-babybel-red-wrap-72075-oz-sku-172119/172119",
    "priceorder": 41,
    "popularityorder": 97
  },
  {
    "showimage": "https://d3tlizm80tjdt4.cloudfront.net/remote_images/image/14127/small/8d497ba0b199b319f4f58febfebec4619b58c4763daff721fd.jpg",
    "name": "Cottage Cheese, Classic, Organic 12/5 Oz, 84778, Sku 172052",
    "brand": "Good Culture",
    "category": "Cottage Cheese",
    "itemcount_each": "1 Item",
    "dimension_each": "L 1\" x W 1\" x H 1\"",
    "weight_each": 3.75,
    "image": "https://d3tlizm80tjdt4.cloudfront.net/remote_images/image/14127/small/8d497ba0b199b319f4f58febfebec4619b58c4763daff721fd.jpg",
    "related": "",
    "price_each": 39.93,
    "price_case": null,
    "price_per_lb": 0.14,
    "sku": "172052",
    "wholesale": "",
    "out_of_stock": false,
    "product_url": "https://shop.kimelo.com/sku/cottage-cheese-classic-organic-125-oz-84778-sku-172052/172052",
    "priceorder": 54,
    "popularityorder": 98
  },
  {
    "showimage": "https://d3tlizm80tjdt4.cloudfront.net/remote_images/image/2650/small/8ccc10b43c0da13a2feaa26d6af00080d864418c35ce1b4439.jpg",
    "name": "Cheese, Parmesan, Shredded, (6) 5 Lb - 124603",
    "brand": "Galbani",
    "category": "Shredded Cheese",
    "itemcount_case": "6 Eaches",
    "itemcount_each": "1 Item",
    "dimension_case": "L 1\" x W 1\" x H 1\"",
    "dimension_each": "L 1\" x W 1\" x H 1\"",
    "weight_case": 5.0,
    "weight_each": 0.833333,
    "image": "https://d3tlizm80tjdt4.cloudfront.net/remote_images/image/2650/small/8ccc10b43c0da13a2feaa26d6af00080d864418c35ce1b4439.jpg",
    "related": "106816 111522 112306 106816 111522 112306 106816 111522",
    "price_case": 161.28,
    "price_each": 26.88,
    "price_per_lb": 5.38,
    "sku": "124603",
    "wholesale": "",
    "out_of_stock": true,
    "product_url": "https://shop.kimelo.com/sku/cheese-parmesan-shredded-6-5-lb-124603/124603",
    "priceorder": 68,
    "popularityorder": 4
  },
  {
    "showimage": "https://d3tlizm80tjdt4.cloudfront.net/remote_images/image/1088/small/e9d4570a644a2ae0665f696c669bff43b9d6ccd681d0ebc349.jpg",
    "name": "Cheese, Mozzarella, Fresh, Loaf, Sliced, 6/1 Lb - 123535",
    "brand": "Galbani",
    "category": "Cheese Loaf",
    "itemcount_each": "1 Item",
    "dimension_each": "L 1\" x W 1\" x H 1\"",
    "weight_each": 6.0,
    "image": "https://d3tlizm80tjdt4.cloudfront.net/remote_images/image/1088/small/e9d4570a644a2ae0665f696c669bff43b9d6ccd681d0ebc349.jpg",
    "related": "123382 112545",
    "price_each": 38.68,
    "price_case": null,
    "price_per_lb": 6.45,
    "sku": "123535",
    "wholesale": "",
    "out_of_stock": true,
    "product_url": "https://shop.kimelo.com/sku/cheese-mozzarella-fresh-loaf-sliced-61-lb-123535/123535",
    "priceorder": 55,
    "popularityorder": 24
  },
  {
    "showimage": "https://d3tlizm80tjdt4.cloudfront.net/image/13392/image/sm-a1beb72594462199dfe813034c8f0f08.png",
    "name": "Cheese, Queso Fresco, Casero, Bulk 12 Lbs - 112596",
    "brand": "El Mexicano",
    "category": "Specialty Cheese",
    "itemcount_each": "1 Item",
    "dimension_each": "L 1\" x W 1\" x H 1\"",
    "weight_each": 12.0,
    "image": "https://d3tlizm80tjdt4.cloudfront.net/image/13392/image/sm-a1beb72594462199dfe813034c8f0f08.png",
    "related": "",
    "price_each": 49.39,
    "price_case": null,
    "price_per_lb": 4.12,
    "sku": "112596",
    "wholesale": "",
    "out_of_stock": false,
    "product_url": "https://shop.kimelo.com/sku/cheese-queso-fresco-casero-bulk-12-lbs-112596/112596",
    "priceorder": 44,
    "popularityorder": 31
  },
  {
    "showimage": "https://d3tlizm80tjdt4.cloudfront.net/remote_images/image/7219/small/6c77b279a5ed42add9439bbdfc694637d60aaae4f2f0ec56d7.jpg",
    "name": "Cheese, Mozzarella, Wmlm, Premio, Tigrato Shred, 6/5lb 125732",
    "brand": "Galbani Premio",
    "category": "Specialty Cheese",
    "itemcount_each": "1 Item",
    "dimension_each": "L 1\" x W 1\" x H 1\"",
    "weight_each": 30.0,
    "image": "https://d3tlizm80tjdt4.cloudfront.net/remote_images/image/7219/small/6c77b279a5ed42add9439bbdfc694637d60aaae4f2f0ec56d7.jpg",
    "related": "",
    "price_each": 104.33,
    "price_case": null,
    "price_per_lb": 3.48,
    "sku": "125732",
    "wholesale": "",
    "out_of_stock": true,
    "product_url": "https://shop.kimelo.com/sku/cheese-mozzarella-wmlm-premio-tigrato-shred-65lb-125732/125732",
    "priceorder": 15,
    "popularityorder": 32
  },
  {
    "showimage": "https://d3tlizm80tjdt4.cloudfront.net/image/17989/image/sm-9e1c062d6e753907a3748fcfa2471be0.jpg",
    "name": "Cheese, Provolone, No Smoke, Professionale, (8) 5 Lb - 123792",
    "brand": "Galbani",
    "category": "Cheese Loaf",
    "itemcount_case": "8 Eaches",
    "itemcount_each": "1 Item",
    "dimension_case": "L 1\" x W 1\" x H 1\"",
    "dimension_each": "L 1\" x W 1\" x H 1\"",
    "weight_case": 5.0,
    "weight_each": 0.625,
    "image": "https://d3tlizm80tjdt4.cloudfront.net/image/17989/image/sm-9e1c062d6e753907a3748fcfa2471be0.jpg",
    "related": "",
    "price_case": 115.2,
    "price_each": 14.4,
    "price_per_lb": 2.88,
    "sku": "123792",
    "wholesale": "",
    "out_of_stock": true,
    "product_url": "https://shop.kimelo.com/sku/cheese-provolone-no-smoke-professionale-8-5-lb-123792/123792",
    "priceorder": 90,
    "popularityorder": 33
  },
  {
    "showimage": "https://d3tlizm80tjdt4.cloudfront.net/image/18031/image/sm-4300f3a70bfa2261c03c2ddc7f7fa85b.jpg",
    "name": "Cheese, Feta, In Brine, Pail, 28 Lb - 123928",
    "brand": "Cucina",
    "category": "Specialty Cheese",
    "itemcount_each": "1 Item",
    "dimension_each": "L 1\" x W 1\" x H 1\"",
    "weight_each": 28.0,
    "image": "https://d3tlizm80tjdt4.cloudfront.net/image/18031/image/sm-4300f3a70bfa2261c03c2ddc7f7fa85b.jpg",
    "related": "123797 124284",
    "price_each": 145.11,
    "price_case": null,
    "price_per_lb": 6.05,
    "sku": "123928",
    "wholesale": "",
    "out_of_stock": true,
    "product_url": "https://shop.kimelo.com/sku/cheese-feta-in-brine-pail-28-lb-123928/123928",
    "priceorder": 5,
    "popularityorder": 39
  },
  {
    "showimage": "https://d3tlizm80tjdt4.cloudfront.net/remote_images/image/1073/small/b1d9e1f95c8820a32503eaeb15b2209c65268ad5e29a3f395c.jpg",
    "name": "Cheese, Brie, 60%, 2/2 Lb - 123527",
    "brand": "President",
    "category": "Specialty Cheese",
    "itemcount_each": "1 Item",
    "dimension_each": "L 1\" x W 1\" x H 1\"",
    "weight_each": 4.0,
    "image": "https://d3tlizm80tjdt4.cloudfront.net/remote_images/image/1073/small/b1d9e1f95c8820a32503eaeb15b2209c65268ad5e29a3f395c.jpg",
    "related": "",
    "price_each": 29.1,
    "price_case": null,
    "price_per_lb": 7.28,
    "sku": "123527",
    "wholesale": "",
    "out_of_stock": true,
    "product_url": "https://shop.kimelo.com/sku/cheese-brie-60-22-lb-123527/123527",
    "priceorder": 67,
    "popularityorder": 49
  },
  {
    "showimage": "https://d3tlizm80tjdt4.cloudfront.net/image/2896/image/sm-dd03d82250538609a7f34030a50e240b.jpg",
    "name": "Cheese, Mozzarella, Fresh, Ciliegine Ball, (2) 3 Lb 103593",
    "brand": "Galbani",
    "category": "Specialty Cheese",
    "itemcount_case": "2 Eaches",
    "itemcount_each": "1 Item",
    "dimension_case": "L 1\" x W 1\" x H 1\"",
    "dimension_each": "L 1\" x W 1\" x H 1\"",
    "weight_case": 3.0,
    "weight_each": 1.5,
    "image": "https://d3tlizm80tjdt4.cloudfront.net/image/2895/image/sm-39fab4880cecbec356527056a05d3a44.jpg https://d3tlizm80tjdt4.cloudfront.net/image/2896/image/sm-dd03d82250538609a7f34030a50e240b.jpg",
    "related": "123382",
    "price_case": 34.88,
    "price_each": 17.44,
    "price_per_lb": 5.81,
    "sku": "103593",
    "wholesale": "",
    "out_of_stock": true,
    "product_url": "https://shop.kimelo.com/sku/cheese-mozzarella-fresh-ciliegine-ball-2-3-lb-103593/103593",
    "priceorder": 80,
    "popularityorder": 53
  },
  {
    "showimage": "https://d3tlizm80tjdt4.cloudfront.net/remote_images/image/1898/small/d052d2826fa65f597dbb4441da172a9957dee2a899142d1940.jpg",
    "name": "Cheese, Grilling, Domestic, Yanni, 12/8 Oz 124017",
    "brand": "Yanni",
    "category": "Sliced Cheese",
    "itemcount_each": "1 Item",
    "dimension_each": "L 1\" x W 1\" x H 1\"",
    "weight_each": 6.0,
    "image": "https://d3tlizm80tjdt4.cloudfront.net/remote_images/image/1898/small/d052d2826fa65f597dbb4441da172a9957dee2a899142d1940.jpg",
    "related": "",
    "price_each": 48.44,
    "price_case": null,
    "price_per_lb": 8.07,
    "sku": "124017",
    "wholesale": "",
    "out_of_stock": true,
    "product_url": "https://shop.kimelo.com/sku/cheese-grilling-domestic-yanni-128-oz-124017/124017",
    "priceorder": 46,
    "popularityorder": 56
  },
  {
    "showimage": "https://d3tlizm80tjdt4.cloudfront.net/remote_images/image/2633/small/a61a9af8858203a8085b3cd5314e44f2375da6387dd3b0ab73.jpg",
    "name": "Cheese, Myzithra, Ball, Imported",
    "brand": "Stymfalia",
    "category": "Sliced Cheese",
    "itemcount_each": "1 Item",
    "dimension_each": "L 13.5\" x W 9.25\" x H 8.25\"",
    "weight_each": 17.0,
    "image": "https://d3tlizm80tjdt4.cloudfront.net/remote_images/image/2633/small/a61a9af8858203a8085b3cd5314e44f2375da6387dd3b0ab73.jpg",
    "related": "108978",
    "price_each": 79.05,
    "price_case": null,
    "price_per_lb": 5.07,
    "sku": "124640",
    "wholesale": "",
    "out_of_stock": true,
    "product_url": "https://shop.kimelo.com/sku/cheese-myzithra-ball-imported/124640",
    "priceorder": 27,
    "popularityorder": 61
  },
  {
    "showimage": "https://d3tlizm80tjdt4.cloudfront.net/remote_images/image/8643/small/66078553f3b39103164ffde635b3f3f92e35c6e0786f8709da.jpg",
    "name": "Cheese, Queso Fresco, Casero, Frozen, Bulk 12 Lbs374274",
    "brand": "El Mexicano",
    "category": "Specialty Cheese",
    "itemcount_each": "1 Item",
    "dimension_each": "L 1\" x W 1\" x H 1\"",
    "weight_each": 12.0,
    "image": "https://d3tlizm80tjdt4.cloudfront.net/remote_images/image/8643/small/66078553f3b39103164ffde635b3f3f92e35c6e0786f8709da.jpg",
    "related": "",
    "price_each": 21.19,
    "price_case": null,
    "price_per_lb": 1.77,
    "sku": "374274",
    "wholesale": "",
    "out_of_stock": true,
    "product_url": "https://shop.kimelo.com/sku/cheese-queso-fresco-casero-frozen-bulk-12-lbs374274/374274",
    "priceorder": 73,
    "popularityorder": 70
  },
  {
    "showimage": "https://d3tlizm80tjdt4.cloudfront.net/remote_images/image/2037/small/93701c5bb1e6a23ddfdd86fb5e4e8868e9496d4ff700d601e0.jpg",
    "name": "Cheese, Kasseri, Waxed Wheel",
    "brand": "Stella",
    "category": "Sliced Cheese",
    "itemcount_each": "1 Item",
    "dimension_each": "L 1\" x W 1\" x H 1\"",
    "weight_each": 10.0,
    "image": "https://d3tlizm80tjdt4.cloudfront.net/remote_images/image/2037/small/93701c5bb1e6a23ddfdd86fb5e4e8868e9496d4ff700d601e0.jpg",
    "related": "",
    "price_each": 86.8,
    "price_case": null,
    "price_per_lb": 8.68,
    "sku": "123993",
    "wholesale": "",
    "out_of_stock": true,
    "product_url": "https://shop.kimelo.com/sku/cheese-kasseri-waxed-wheel/123993",
    "priceorder": 24,
    "popularityorder": 71
  },
  {
    "showimage": "https://d3tlizm80tjdt4.cloudfront.net/remote_images/image/13375/small/2ee6dfdf5b22cc7c7a84d4a5acf73506e8fcb5effe8cea044c.jpg",
    "name": "Cheese, Smoked Cheddar, Mild, 2/5 Lb",
    "brand": "Gossner",
    "category": "Sliced Cheese",
    "itemcount_each": "1 Item",
    "dimension_each": "L 1\" x W 1\" x H 1\"",
    "weight_each": 10.0,
    "image": "https://d3tlizm80tjdt4.cloudfront.net/remote_images/image/13375/small/2ee6dfdf5b22cc7c7a84d4a5acf73506e8fcb5effe8cea044c.jpg",
    "related": "",
    "price_each": 3.21,
    "price_case": null,
    "price_per_lb": 0.32,
    "sku": "374591",
    "wholesale": "",
    "out_of_stock": true,
    "product_url": "https://shop.kimelo.com/sku/cheese-smoked-cheddar-mild-25-lb/374591",
    "priceorder": 98,
    "popularityorder": 76
  },
  {
    "showimage": "https://d3tlizm80tjdt4.cloudfront.net/image/2351/image/sm-8f112e2ad6cf67b95091b3a5cffad334.png",
    "name": "CHEESE, MOZZARELLA, SMOKED, 2/6 LB",
    "brand": "POLLY-O",
    "category": "Specialty Cheese",
    "itemcount_case": "2 Eaches",
    "itemcount_each": "1 Item",
    "dimension_case": "L 8.57\" x W 4.45\" x H 13.89\"",
    "dimension_each": "L 4.29\" x W 4.45\" x H 13.89\"",
    "weight_case": 11.73,
    "weight_each": 6.0,
    "image": "https://d3tlizm80tjdt4.cloudfront.net/image/2351/image/sm-8f112e2ad6cf67b95091b3a5cffad334.png https://d3tlizm80tjdt4.cloudfront.net/image/2352/image/sm-fda12b50b5a30094ede90f0f660bce7e.jpg",
    "related": "",
    "price_case": 85.15,
    "price_each": 43.56,
    "price_per_lb": 0.0,
    "sku": "103565",
    "wholesale": "",
    "out_of_stock": true,
    "product_url": "https://shop.kimelo.com/sku/cheese-mozzarella-smoked-26-lb/103565",
    "priceorder": 51,
    "popularityorder": 79
  },
  {
    "showimage": "https://d3tlizm80tjdt4.cloudfront.net/remote_images/image/7811/small/6cc605766939ddd78229cbfac6a2103b6982de8f053c875d63.jpg",
    "name": "Cheese, Swiss, Block",
    "brand": "Ammerlander",
    "category": "Sliced Cheese",
    "itemcount_each": "1 Item",
    "dimension_each": "L 19.5\" x W 11.7\" x H 3.9\"",
    "weight_each": 33.0,
    "image": "https://d3tlizm80tjdt4.cloudfront.net/remote_images/image/7811/small/6cc605766939ddd78229cbfac6a2103b6982de8f053c875d63.jpg",
    "related": "",
    "price_each": 108.9,
    "price_case": null,
    "price_per_lb": 3.3,
    "sku": "126018",
    "wholesale": "",
    "out_of_stock": true,
    "product_url": "https://shop.kimelo.com/sku/cheese-swiss-block/126018",
    "priceorder": 12,
    "popularityorder": 80
  },
  {
    "showimage": "https://d3tlizm80tjdt4.cloudfront.net/remote_images/image/8017/small/5b67c48b8fb317538fe7a3777c8aa936e15d7ed4f7f4c2062d.jpg",
    "name": "Cheese, 5 Blend, Moz Wmlm/lmps/prov/parm/roma, Fzn, 6/5 Lb",
    "brand": "Galbani",
    "category": "Shredded Cheese",
    "itemcount_each": "1 Item",
    "dimension_each": "L 1\" x W 1\" x H 1\"",
    "weight_each": 30.0,
    "image": "https://d3tlizm80tjdt4.cloudfront.net/remote_images/image/8017/small/5b67c48b8fb317538fe7a3777c8aa936e15d7ed4f7f4c2062d.jpg",
    "related": "",
    "price_each": 80.07,
    "price_case": null,
    "price_per_lb": 0.0,
    "sku": "374160",
    "wholesale": "",
    "out_of_stock": true,
    "product_url": "https://shop.kimelo.com/sku/cheese-5-blend-moz-wmlmlmpsprovparmroma-fzn-65-lb/374160",
    "priceorder": 26,
    "popularityorder": 81
  },
  {
    "showimage": "https://d3tlizm80tjdt4.cloudfront.net/remote_images/image/8670/small/14def803c1c34fe56ec8c8333ba02a43ed6690f593186e7f98.jpg",
    "name": "Cottage Cheese, Small Curd",
    "brand": "Clover Sonoma",
    "category": "Cottage Cheese",
    "itemcount_each": "1 Item",
    "dimension_each": "L 1\" x W 1\" x H 1\"",
    "weight_each": 12.0,
    "image": "https://d3tlizm80tjdt4.cloudfront.net/remote_images/image/8670/small/14def803c1c34fe56ec8c8333ba02a43ed6690f593186e7f98.jpg",
    "related": "",
    "price_each": 39.93,
    "price_case": null,
    "price_per_lb": 3.33,
    "sku": "316282",
    "wholesale": "",
    "out_of_stock": true,
    "product_url": "https://shop.kimelo.com/sku/cottage-cheese-small-curd/316282",
    "priceorder": 53,
    "popularityorder": 82
  },
  {
    "showimage": "https://d3tlizm80tjdt4.cloudfront.net/remote_images/image/7216/small/71b5ddd3c64d4bbaa1fe5e7090917a824d29a331ea6e1ee5d4.jpg",
    "name": "Cheese, Mozzarella, Pslm, Loaf, Premio, Fzn, 8/5 Lb 125813",
    "brand": "Galbani Premio",
    "category": "Cheese Loaf",
    "itemcount_each": "1 Item",
    "dimension_each": "L 1\" x W 1\" x H 1\"",
    "weight_each": 40.0,
    "image": "https://d3tlizm80tjdt4.cloudfront.net/remote_images/image/7216/small/71b5ddd3c64d4bbaa1fe5e7090917a824d29a331ea6e1ee5d4.jpg",
    "related": "",
    "price_each": 50.22,
    "price_case": null,
    "price_per_lb": 1.26,
    "sku": "125813",
    "wholesale": "",
    "out_of_stock": true,
    "product_url": "https://shop.kimelo.com/sku/cheese-mozzarella-pslm-loaf-premio-fzn-85-lb-125813/125813",
    "priceorder": 42,
    "popularityorder": 83
  },
  {
    "showimage": "https://d3tlizm80tjdt4.cloudfront.net/remote_images/image/7510/small/677b2a41544b3dfe7f0897e9390fcccfad1cbaae841b2ceb87.jpg",
    "name": "Cheese, Goat, Crumbled, Fzn, 2/2 Lb 125885",
    "brand": "President",
    "category": "Specialty Cheese",
    "itemcount_each": "1 Item",
    "dimension_each": "L 1\" x W 1\" x H 1\"",
    "weight_each": 4.0,
    "image": "https://d3tlizm80tjdt4.cloudfront.net/remote_images/image/7510/small/677b2a41544b3dfe7f0897e9390fcccfad1cbaae841b2ceb87.jpg",
    "related": "",
    "price_each": 34.41,
    "price_case": null,
    "price_per_lb": 8.6,
    "sku": "125885",
    "wholesale": "",
    "out_of_stock": true,
    "product_url": "https://shop.kimelo.com/sku/cheese-goat-crumbled-fzn-22-lb-125885/125885",
    "priceorder": 59,
    "popularityorder": 84
  },
  {
    "showimage": "https://d3tlizm80tjdt4.cloudfront.net/remote_images/image/7219/small/6c77b279a5ed42add9439bbdfc694637d60aaae4f2f0ec56d7.jpg",
    "name": "Cheese, Mozzarella, Wmlm, Premio, Tigrato Shred, Fzn, 6/5lb 125867",
    "brand": "Packer",
    "category": "Specialty Cheese",
    "itemcount_each": "1 Item",
    "dimension_each": "L 1\" x W 1\" x H 1\"",
    "weight_each": 30.0,
    "image": "https://d3tlizm80tjdt4.cloudfront.net/remote_images/image/7219/small/6c77b279a5ed42add9439bbdfc694637d60aaae4f2f0ec56d7.jpg",
    "related": "",
    "price_each": 106.17,
    "price_case": null,
    "price_per_lb": 3.54,
    "sku": "125867",
    "wholesale": "",
    "out_of_stock": true,
    "product_url": "https://shop.kimelo.com/sku/cheese-mozzarella-wmlm-premio-tigrato-shred-fzn-65lb-125867/125867",
    "priceorder": 14,
    "popularityorder": 85
  },
  {
    "showimage": "https://d3tlizm80tjdt4.cloudfront.net/remote_images/image/5529/small/042d7c08627c19fc643914fdd06ade7ade98df11a63c15f672.jpg",
    "name": "Cheese, Mozzarella, Wmlm, Shredded, Red Label, Fzn, 6/5 Lb 125663",
    "brand": "Galbani",
    "category": "Specialty Cheese",
    "itemcount_each": "1 Item",
    "dimension_each": "L 1\" x W 1\" x H 1\"",
    "weight_each": 30.0,
    "image": "https://d3tlizm80tjdt4.cloudfront.net/remote_images/image/5529/small/042d7c08627c19fc643914fdd06ade7ade98df11a63c15f672.jpg",
    "related": "",
    "price_each": 65.57,
    "price_case": null,
    "price_per_lb": 0.0,
    "sku": "125663",
    "wholesale": "",
    "out_of_stock": true,
    "product_url": "https://shop.kimelo.com/sku/cheese-mozzarella-wmlm-shredded-red-label-fzn-65-lb-125663/125663",
    "priceorder": 36,
    "popularityorder": 86
  },
  {
    "showimage": "https://d3tlizm80tjdt4.cloudfront.net/remote_images/image/7413/small/e7ae16a6c8dcf1eef4a92b9f6335615d4fb06ed12485f45e86.jpg",
    "name": "Cheese, Provolone, No Smoke, Professionale, Fzn, (8) 5 Lb 125816",
    "brand": "Galbani",
    "category": "Cheese Loaf",
    "itemcount_case": "8 Eaches",
    "itemcount_each": "1 Item",
    "dimension_case": "L 1\" x W 1\" x H 1\"",
    "dimension_each": "L 1\" x W 1\" x H 1\"",
    "weight_case": 5.0,
    "weight_each": 0.625,
    "image": "https://d3tlizm80tjdt4.cloudfront.net/remote_images/image/7413/small/e7ae16a6c8dcf1eef4a92b9f6335615d4fb06ed12485f45e86.jpg",
    "related": "",
    "price_case": 133.04,
    "price_each": 16.63,
    "price_per_lb": 3.33,
    "sku": "125816",
    "wholesale": "",
    "out_of_stock": true,
    "product_url": "https://shop.kimelo.com/sku/cheese-provolone-no-smoke-professionale-fzn-8-5-lb-125816/125816",
    "priceorder": 84,
    "popularityorder": 87
  },
  {
    "showimage": "https://d3tlizm80tjdt4.cloudfront.net/remote_images/image/7459/small/8d2ee5b0efabab48d9ab265bcbc2e0e8f2e2d463f70a584707.jpg",
    "name": "Cheese, Blend, Mozz, Wm & Ps, Premio Shred, Fzn, 6/5 Lb 125856",
    "brand": "Galbani Premio",
    "category": "Specialty Cheese",
    "itemcount_each": "1 Item",
    "dimension_each": "L 1\" x W 1\" x H 1\"",
    "weight_each": 30.0,
    "image": "https://d3tlizm80tjdt4.cloudfront.net/remote_images/image/7459/small/8d2ee5b0efabab48d9ab265bcbc2e0e8f2e2d463f70a584707.jpg",
    "related": "",
    "price_each": 48.61,
    "price_case": null,
    "price_per_lb": 1.62,
    "sku": "125856",
    "wholesale": "",
    "out_of_stock": true,
    "product_url": "https://shop.kimelo.com/sku/cheese-blend-mozz-wm-ps-premio-shred-fzn-65-lb-125856/125856",
    "priceorder": 45,
    "popularityorder": 88
  },
  {
    "showimage": "https://d3tlizm80tjdt4.cloudfront.net/remote_images/image/7215/small/0a7da17fd94fe5c52868137e402c2fb20947dba2f4b452a049.jpg",
    "name": "Cheese, Mozzarella, Wmlm, Loaf, Professionale, Fzn, 8/5 Lb 125814",
    "brand": "Galbani",
    "category": "Cheese Loaf",
    "itemcount_each": "1 Item",
    "dimension_each": "L 1\" x W 1\" x H 1\"",
    "weight_each": 40.0,
    "image": "https://d3tlizm80tjdt4.cloudfront.net/remote_images/image/7215/small/0a7da17fd94fe5c52868137e402c2fb20947dba2f4b452a049.jpg https://d3tlizm80tjdt4.cloudfront.net/remote_images/image/7220/small/564febd6c57bd79ec472a4abbba4d7f30ee5c39fc81e9005a2.jpg",
    "related": "",
    "price_each": 44.63,
    "price_case": null,
    "price_per_lb": 1.12,
    "sku": "125814",
    "wholesale": "",
    "out_of_stock": true,
    "product_url": "https://shop.kimelo.com/sku/cheese-mozzarella-wmlm-loaf-professionale-fzn-85-lb-125814/125814",
    "priceorder": 49,
    "popularityorder": 89
  },
  {
    "showimage": "https://d3tlizm80tjdt4.cloudfront.net/remote_images/image/7738/small/5b41b3664d4c670debf38cd6901d14461ebc988399e19127ae.jpg",
    "name": "Cheese, Brie, 60%, Frozen, 2/2 Lb 125998",
    "brand": "President",
    "category": "Specialty Cheese",
    "itemcount_each": "1 Item",
    "dimension_each": "L 1\" x W 1\" x H 1\"",
    "weight_each": 4.0,
    "image": "https://d3tlizm80tjdt4.cloudfront.net/remote_images/image/7738/small/5b41b3664d4c670debf38cd6901d14461ebc988399e19127ae.jpg",
    "related": "",
    "price_each": 18.33,
    "price_case": null,
    "price_per_lb": 4.58,
    "sku": "125998",
    "wholesale": "",
    "out_of_stock": true,
    "product_url": "https://shop.kimelo.com/sku/cheese-brie-60-frozen-22-lb-125998/125998",
    "priceorder": 78,
    "popularityorder": 90
  },
  {
    "showimage": "https://d3tlizm80tjdt4.cloudfront.net/remote_images/image/5949/small/d23620a3a0f21afb9281850456bf3598285654e87ef638e32e.jpg",
    "name": "Cheese, Mozzarella, Loaf, Thin Slice, Fzn, 6/1 Lb 125686",
    "brand": "Galbani",
    "category": "Cheese Loaf",
    "itemcount_each": "1 Item",
    "dimension_each": "L 1\" x W 1\" x H 1\"",
    "weight_each": 6.0,
    "image": "https://d3tlizm80tjdt4.cloudfront.net/remote_images/image/5949/small/d23620a3a0f21afb9281850456bf3598285654e87ef638e32e.jpg",
    "related": "",
    "price_each": 7.95,
    "price_case": null,
    "price_per_lb": 0.0,
    "sku": "125686",
    "wholesale": "",
    "out_of_stock": true,
    "product_url": "https://shop.kimelo.com/sku/cheese-mozzarella-loaf-thin-slice-fzn-61-lb-125686/125686",
    "priceorder": 93,
    "popularityorder": 91
  },
  {
    "showimage": "https://d3tlizm80tjdt4.cloudfront.net/remote_images/image/7214/small/e9ab65ec35fd13418c56e43a697f0cd6f2464279cf92c5e10b.jpg",
    "name": "Cheese, Mozzarella, Wmlm, Cali Gold, Loaf, Fzn, 8/6 Lb 112065",
    "brand": "California Gold",
    "category": "Cheese Loaf",
    "itemcount_each": "1 Item",
    "dimension_each": "L 1\" x W 1\" x H 1\"",
    "weight_each": 47.0,
    "image": "https://d3tlizm80tjdt4.cloudfront.net/remote_images/image/7214/small/e9ab65ec35fd13418c56e43a697f0cd6f2464279cf92c5e10b.jpg",
    "related": "",
    "price_each": 48.09,
    "price_case": null,
    "price_per_lb": 1.0,
    "sku": "112065",
    "wholesale": "",
    "out_of_stock": true,
    "product_url": "https://shop.kimelo.com/sku/cheese-mozzarella-wmlm-cali-gold-loaf-fzn-86-lb-112065/112065",
    "priceorder": 47,
    "popularityorder": 93
  },
  {
    "showimage": "https://d3tlizm80tjdt4.cloudfront.net/image/13863/image/sm-3e26ef88c6dc801ad4d041ef812a9c7d.png",
    "name": "Cheese, Mozzarella, Pslm, Cali Gold, Loaf, Fzn, 8/6 Lb 112075",
    "brand": "California Gold",
    "category": "Cheese Loaf",
    "itemcount_each": "1 Item",
    "dimension_each": "L 1\" x W 1\" x H 1\"",
    "weight_each": 48.0,
    "image": "https://d3tlizm80tjdt4.cloudfront.net/image/13863/image/sm-3e26ef88c6dc801ad4d041ef812a9c7d.png https://d3tlizm80tjdt4.cloudfront.net/image/12883/image/sm-2d47b5330ce18c62f204eb29f5a6a1a7.jpeg",
    "related": "",
    "price_each": 124.51,
    "price_case": null,
    "price_per_lb": 2.59,
    "sku": "112075",
    "wholesale": "",
    "out_of_stock": true,
    "product_url": "https://shop.kimelo.com/sku/cheese-mozzarella-pslm-cali-gold-loaf-fzn-86-lb-112075/112075",
    "priceorder": 8,
    "popularityorder": 94
  }
]